2900 4817
1077 472 1465 539 ‘'⁸¹97-

335 637 528 706 modo
548 684 575 720 ‚
636 654 975 724 perversae
1052 636 1482 723 sophistarum
1551 656 1623 708 ac
1675 637 2219 732 *philosophorum

328 755 751 840 etymologiae
820 774 998 823 suam
1083 755 1406 824 Platonem
1476 755 1968 843 philosophandi
2022 757 2218 825 ratio·'

330 888 479 940 nem
538 874 803 958 verique
861 870 1209 940 doctrinam
1230 918 1257 955 ‚
1328 893 1516 959 quam
1568 873 2052 959 metaphysicam
2115 874 2216 942 di·

325 1004 482 1058 cunt
540 992 782 1075 vulgo,
858 989 1269 1076 opposuisse.
1376 990 1451 1057 Id
1515 1008 1555 1057 e
1614 990 1895 1058 Socratis
1953 989 2074 1058 sub
2129 990 2212 1058 fi-

322 1123 467 1173 nem
523 1106 755 1193 dialogi
814 1125 1108 1174 sermone
1164 1106 1562 1192 intelligitur.
1649 1106 1965 1174 Effecerat
2009 1107 2077 1173 in
2128 1112 2214 1177 eff

323 1238 406 1288 ex
448 1219 786 1288 verborum
848 1219 1354 1304 significatione,
1409 1240 1559 1289 vere
1613 1222 1846 1307 pariter
1904 1222 2216 1291 statuisse

325 1337 528 1404 videti
577 1356 724 1406 cum
781 1336 892 1421 qui
944 1337 1228 1421 moveri,
1330 1352 1467 1405 tum
1560 1338 1673 1422 qui
1751 1355 1920 1407 stare
1992 1341 2214 1410 omnia·

324 1454 814 1522 contenderant=
897 1453 1133 1538 quibus
1172 1453 1501 1541 subjungit
1536 1454 1874 1540 deinceps:
1966 1458 2206 1523 tumul-

323 1571 653 1638 tuantibus
694 1571 932 1657 igitur,
975 1570 1228 1656 inquit,
1268 1570 1638 1656 nominibus
1665 1618 1690 1653 ‚
1733 1586 1798 1638 et
1843 1590 2214 1640 asseveran-

324 1687 501 1756 tibus
559 1689 737 1768 aliis‚
803 1707 876 1756 se
935 1706 1124 1772 esse,
1189 1707 1351 1771 quae
1399 1687 1646 1755 veritati
1709 1703 1865 1754 sunt
1929 1687 2204 1773 similia,

322 1806 463 1874 aliis
502 1822 707 1875 autem
746 1824 820 1873 se
865 1824 1010 1873 esse
1032 1852 1057 1888 ‚
1098 1803 1633 1872 contendentibus
1655 1850 1682 1886 ,
1724 1807 1906 1892 cujus
1936 1806 2017 1873 ad
2052 1823 2213 1872 nor··
2256 1791 2264 1805 ’

323 1942 487 1991 mam
539 1926 713 1991 litem
752 1921 1281 2010 dijudicabimus?
1324 1922 1429 1989 vel
1464 1941 1741 2005 quonam
1789 1941 1911 1990 nos
1950 1923 2200 1992 tandem

321 2041 814 2111 convertemus?
898 2059 1033 2107 non
1071 2040 1239 2108 enim
1281 2040 1362 2106 ad
1410 2039 1530 2106 alia
1577 2039 1833 2107 nomina
1870 2039 2206 2126 confugie-

321 2178 466 2226 mus
485 2206 510 2242 ‚
555 2160 702 2243 quia
741 2172 987 2241 praeter
1025 2157 1178 2223 haec
1212 2174 1344 2222 non
1384 2169 1561 2222 sunt.
1633 2189 1639 2194 ·
1675 2161 1888 2230 Ἀλλὰ
1933 2161 2210 2237 δηλονότι

323 2280 477 2352 ἄλλ’
520 2279 689 2348 ἅττα
730 2278 994 2363 ζητητέαι
1035 2277 1196 2354 πλὴν
1236 2274 1542 2358 δυσμάς-ων
1566 2318 1591 2353 ,
1633 2270 1680 2345 ἃ
1730 2278 1871 2357 ἡμῖν
1913 2276 2214 2360 ἐμφανιεῖ

285 2458 291 2464 .
322 2397 470 2466 ἄνευ
509 2396 811 2479 ὀνομάτων
824 2440 846 2468 .
887 2394 1144 2480 ‹la-dum
1181 2393 1406 2462 τούτων
1447 2393 1541 2464 ἐς)
1586 2394 1847 2470 τάληθῆ,
1913 2393 2207 2492 δείξαντος

324 2512 587 2591 δηλονότι
628 2512 740 2589 τὴν
777 2511 1066 2589 ὦληθείαν
1106 2515 1222 2579 τῶν
1260 2509 1465 2580 ὄντων.
1552 2508 1792 2578 Verum
1835 2507 2199 2602 alia-quae-

320 2627 470 2693 dam
516 2642 784 2715 praeter
831 2628 1087 2692 nomina
1135 2622 1501 2712 quaerenda
1558 2639 1706 2712 sun?
1722 2670 1747 2706 ‚
1811 2646 1975 2711 quae
2029 2623 2203 2692 nobis

320 2746 452 2811 sine
482 2742 828 2809 nominibus
856 2742 1262 2831 patefaciant
1279 2787 1305 2824 ,
1350 2757 1507 2808 utra
1534 2744 1808 2809 istorum
1834 2762 1993 2811 vcra
2022 2745 2151 2810 sint
2174 2782 2206 2821 2

322 2879 544 2926 rerum
581 2859 867 2940 videlicet
906 2863 1239 2927 veritatem
1278 2858 1805 2926 demonstrantia.
1908 2857 2004 2926 Ita
2043 2855 2202 2928 mihi

320 2976 596 3048 videtur.
639 3011 735 3029 —-
786 2976 855 3042 Si
899 2976 1048 3042 haec
1107 2975 1193 3041 ita
1250 2993 1324 3043 se
1373 2975 1655 3058 habent,
1698 2977 2003 3061 Cratyle‚
2045 2995 2203 3062 pos·

324 3107 516 3175 sunt,
577 3107 648 3158 ut
705 3093 1004 3176 videtur,
1049 3113 1147 3160 res
1190 3092 1329 3160 sine
1384 3092 1751 3160 nominibus
1796 3093 2065 3178 percipi.
2108 3127 2202 3149 —-

319 3210 632 3294 Apparet.
675 3245 772 3262 —
822 3210 945 3279 Per
980 3209 1136 3293 quid
1175 3209 1369 3297 igitur
1407 3210 1578 3278 aliud
1619 3228 1834 3296 speras
1874 3211 2023 3278 haec
2058 3229 2203 3296 per-

321 3326 572 3416 cipere,
629 3326 754 3393 nisi
800 3345 928 3411 qua
985 3325 1230 3394 ratione
1276 3327 1525 3414 ju'stum
1586 3341 1652 3393 et
1701 3341 2206 3396 consentaneum
2246 3353 2260 3364 ·

321 3444 408 3512 sit
431 3490 458 3527 ‚
517 3459 589 3511 ut
645 3462 725 3510 ex
783 3447 1004 3513 mutua
1059 3462 1277 3514 eorum
1341 3442 1766 3529 cognatione,
1829 3443 1886 3511 si
1943 3442 2200 3527 quidem

322 3577 592 3647 cognata
650 3557 824 3642 sint,
887 3558 1248 3644 discamus,
1310 3576 1446 3630 tum
1497 3560 1681 3628 etiam
1731 3559 1869 3645 ipsa
1916 3579 2031 3646 per
2075 3560 2202 3631 se?

320 3679 489 3750 Nam
526 3678 701 3762 quod
749 3677 829 3744 ab
871 3677 998 3747 illis
1038 3659 1357 3747 diversum
1396 3694 1592 3763 atque
1627 3677 1797 3754 aliud
1835 3692 1934 3772 est
1960 3725 1987 3761 ‚
2027 3678 2201 3750 aliud

318 3816 390 3864 ac
429 3797 796 3878 diversum,
836 3813 971 3862 non
1016 3795 1122 3863 illa
1161 3794 1571 3882 significaret.
1616 3829 1714 3852 -·-
1773 3795 1977 3865 ·Vera
2019 3797 2205 3882 loqui

241 3953 247 3963 ·
320 3914 582 3981 videris.
622 3948 720 3971 --
773 3912 896 3981 Dic
921 3959 946 3995 ‚
991 3911 1304 3996 obsecro,
1345 3930 1564 3980 nonne
1620 3914 1747 3999 jam
1809 3930 2000 3997 saepe
2050 3907 2207 3978 con·-

322 4027 627 4098 cessimus
650 4078 676 4115 ,
720 4030 975 4099 nomina
998 4075 1023 4113 ,
1069 4048 1233 4118 quae
1268 4044 1436 4099 recte
1479 4029 1685 4118 posita
1724 4043 1920 4115 sunt,
1963 4028 2206 4116 ‚similia
2253 4107 2260 4116 ,

1402 4149 1407 4154 ’
2135 4146 2210 4212 il·
