2900 4817
1440 534 1798 581 *20—

680 694 976 773 Dixlmus
1024 697 1239 778 paullo
1286 710 1466 776 ante,
1513 697 1929 781 principatum
1997 715 2136 764 eum
2205 698 2372 782 apud
2433 701 2569 765 Ro·

612 840 619 845 ·
682 832 929 878 manos.
962 814 1025 878 in
1082 813 1444 894 eloquentia
1476 859 1540 893 ,.
1583 815 1675 879 uti
1748 814 1916 898 apud
1980 814 2272 881 Graecos·
2335 818 2570 883 Demo·

684 928 1035 1009 sthenem,
1068 930 1518 1013 philosophiae
1566 933 1633 999 in
1687 930 1907 1017 primis
1961 934 2189 999 studiis
2240 935 2560 1002 debuisse.

675 1048 824 1114 Sed
882 1048 1005 1124 hoc
1074 1044 1356 1115 omnium
1423 1050 1649 1116 artium
1671 1086 1722 1131 ,·
1789 1066 1950 1145 quae
2000 1053 2078 1117 ad
2122 1052 2564 1121 humanitatem

682 1164 1054 1249 pertinent,
1100 1164 1431 1233 insatiabili
1475 1169 1741 1249 ardore,
1782 1186 1915 1235 non
1981 1170 2233 1253 quidem
2281 1188 2570 1259 superas-

684 1300 759 1351 se
811 1284 877 1349 in
930 1282 1290 1366 eloquentia
1347 1286 1839 1354 Demosthenem
1867 1334 1892 1368 ,
1955 1287 2197 1353 sedat>
2255 1306 2336 1355 eo
2371 1306 2443 1355 se
2475 1290 2572 1355 di·

678 1399 990 1469 stinxa‘sse
1034 1398 1305 1470 videtur.
1393 1403 1561 1471 Nam
1600 1403 1835 1475 factum
1865 1405 1956 1472 ita
2000 1421 2144 1490 est,
2191 1423 2307 1489 ut,
2353 1410 2571 1492 prouti

680 1518 984 1602 princeps
1036 1520 1397 1588 Atticorum
1447 1535 1771 1591 oratorum
1818 1523 2196 1593 Socraticam
2261 1527 2567 1593 rationem

679 1636 955 1704 dicendo
1002 1650 1395 1720 expresserat
1412 1684 1437 1720 ‚
1500 1638 1589 1708 ita
1643 1640 1876 1710 Cicero
1936 1642 2217 1729 optimos
2277 1660 2577 1728 quosque

678 1752 1082 1838 :miquitatis
1149 1755 1581 1841 philosophos
1607 1804 1632 1839 ‚
1720 1759 1964 1843 quique
2023 1774 2177 1845 post
2246 1762 2572 1830 Platonem

674 1868 983 1955 fuerant,
1068 1873 1279 1947 animo
1342 1875 1715 1959 complexus
1741 1922 1768 1956 ,
1831 1878 2210 1951 ,universam
2287 1880 2578 1964 philoso-

677 1988 955 2074 ‘phium
969 1990 1036 2058 in
1096 1992 1521 2075 eloquentiam
1580 1993 1947 2079 conferret3
1993 1997 2314 2064 Platonem
2369 2012 2578 2089 autem

678 2124 827 2177 non
907 2108 1174 2177 dicendo
1245 2124 1490 2179 tantum
1553 2113 1666 2180 sed
1741 2113 2088 2180 scribendis
2148 2114 2335 2182 etiam
2401 2114 2582 2183 libris

678 2228 1096 2312 lexprimeret.
1204 2226 1335 2295 Vix
1381 2242 1514 2296 erat
1566 2229 1801 2297 nobilis
1861 2231 1926 2296 in
1985 2229 2372 2299 Graecorum
2436 2230 2583 2314 phi—

694 2347 987 2431 losophia
1040 2350 1220 2423 locus
1245 2396 1271 2431 ,
1334 2348 1489 2430 quin
1551 2365 1685 2414 eam
1736 2365 1775 2416 e
1826 2349 2319 2415 clarissimorum
2373 2348 2582 2431 philo-

676 2466 1042 2548 ·sophorum
1096 2465 1344 2549 placitis
1411 2466 1749 2551 diligenter
1810 2466 2131 2550 docteque
2186 2480 2252 2533 et
2296 2485 2451 2532 vero
2489 2467 2586 2532 di·

676 2595 866 2650 -serte
910 2582 1294 2667 explicaret:
1366 2584 1542 2667 quod
1587 2582 1734 2649 libri
1787 2596 2140 2665 testantur,
2205 2600 2374 2665 quos
2420 2586 2584 2648 mul-

674 2716 804 2781 -tos
858 2715 925 2769 et
986 2701 1196 2770 varios
1240 2703 1321 2770 de
1367 2700 1777 2787 philosophia
1825 2700 2128 2783 scripsit,
2172 2699 2584 2784 quibusque,

668 2820 908 2905 ·ipsius
958 2818 1489 2889 commendandae
1561 2817 2007 2903 philosophiae
2060 2834 2327 2898 caussa,
2414 2816 2589 2887 Hor·

670 2938 979 3005 ·tensium
1029 2938 1348 3022 praemisit
1389 2938 1482 3006 (¹2.
1598 2936 1901 3026 Quodsi,
1967 2938 2588 3024 quam‚1>1utaoehus

670 3059 773 3123 „in
817 3076 897 3124 eo
940 3056 1417 3137 animadvertit,
1463 3056 1737 3122 indolem
1791 3054 2276 3139 philosopham,
2319 3056 2591 3121 velimus
2727 3102 2732 3107 -

672 3191 903 3240 -totam
929 3175 1329 3260 perspicere,
1373 3173 1464 3239 illi
1502 3172 1694 3240 nobis
1734 3172 2004 3247 oratoris
2046 3174 2294 3258 legendi
2322 3189 2473 3239 sunt
2511 3175 2591 3240 li·

676 3294 847 3373 -bri,
919 3311 1086 3376 quos
1154 3311 1290 3358 non
1353 3308 1743 3373 senescens,
1789 3305 1863 3356 ut
1923 3289 2118 3372 illos,
2162 3289 2275 3358 sed
2331 3288 2596 3376 vigente

674 3427 954 3492 aetate,
1027 3429 1191 3493 quos
1251 3428 1331 3476 eo
1391 3425 1722 3494 tempore,
1788 3428 1922 3492 quo
1970 3408 2172 3497 ipsum
2212 3407 2593 3499 reipublicae

672 3586 687 3595 ,
700 3528 1201 3612 gubernaculum
1246 3529 1496 3597 tenebat
1541 3534 1608 3573 ω
1628 3576 1652 3607 .,
1696 3528 1776 3597 de
1828 3528 2182 3610 Republica
2199 3573 2225 3610 ,
2270 3527 2351 3593 de
2389 3514 2595 3615 Legi-

670 3686 687 3695 ·
713 3648 835 3712 bus
863 3695 886 3726 ,
982 3648 1339 3728 praesertim
1396 3648 1477 3713 de
1534 3646 1803 3731 Oratore
1879 3644 2164 3728 scripsit.
2275 3645 2595 3729 Expressa

709 3781 807 3829 est
867 3767 932 3829 in
983 3765 1061 3830 iis
1108 3763 1566 3849 philosophia,
1630 3783 1760 3829 non
1807 3763 2086 3829 scholam
2134 3763 2425 3829 redolens
2485 3776 2595 3830 aut

678 3898 946 3952 ,sectam
1008 3882 1279 3966 aliquam
1360 3882 1891 3967 philosophorum
1924 3927 1950 3962 ‚
2037 3879 2151 3950 sed
2231 3878 2602 3948 Aristotelis

2509 4016 2602 4064 re.

784 4137 864 4213 (ὁ)
908 4138 1009 4193 De.
1033 4140 1210 4193 Finib.
1252 4140 1297 4193 1.
1338 4158 1385 4193 ι.
1527 4140 1606 4211 (2)
1650 4134 1767 4191 Cic.
1804 4136 1874 4188 de
1910 4136 2099 4191 Divin.
2133 4132 2220 4189 11.
2257 4151 2307 4187 c.
2346 4150 2397 4189 ι.
