2900 4817
1017 508 1363 571 „41-

257 657 406 738 runt
454 661 848 740 naturalibus
906 670 1006 738 his
1046 669 1453 757 ‚optimarum
1537 688 1744 738 rerum
1769 717 1793 752 ,
1853 667 2132 739 sincerae

258 785 549 858 scientiae
628 789 1045 872 veritatisque
1128 788 1563 872 appetitibuS,
1623 789 1930 856 virtutum
1999 810 2135 857 om·
2164 815 2180 834 ·

258 906 427 973 nium
460 921 526 974 et
572 907 915 990 sapientiae
960 905 1232 973 semina:
1281 906 1515 988 quibus
1565 906 1737 991 pleni
1791 905 2135 990 refertique'

254 1038 318 1089 et
359 1025 539 1108 quasi
598 1023 1008 1091 exuberantes
1069 1023 1348 1108 gestiunt
1406 1042 1626 1106 parere
1684 1023 2015 1105 aliquando
2071 1039 2140 1094 et
2183 1035 2190 1040 '

256 1158 609 1226 procreare.
702 1139 822 1206 His
869 1155 1078 1208 autem
1137 1140 1356 1221 quidni
1412 1142 1702 1224 pulcrum
1766 1161 1909 1209 esse
1962 1144 2135 1211 dica-

256 1276 396 1325 mus
458 1257 641 1341 quasi
687 1257 995 1323 Lucinam
1032 1258 1405 1339 quamdam?
1454 1258 1674 1342 quidni
1729 1278 2000 1327 amorem
2057 1263 2137 1329 iis

256 1393 399 1442 esse
434 1373 742 1441 fateamur
785 1374 993 1458 ipsum
1038 1378 1109 1439 in
1141 1377 1369 1463 pulcro
1398 1380 1729 1463 partum?
1788 1375 1911 1444 Sed
1966 1397 2134 1445 nunc

258 1481 379 1558 nos
418 1491 572 1558 item
620 1510 846 1558 sensus
886 1509 1041 1556 non·
1077 1495 1230 1558 latet
1275 1509 1494 1558 eorum
1514 1537 1537 1571 ‚
1607 1511 1768 1574 quae
1825 1495 1904 1561 de
1952 1494 2139 1562 foeti-

258 1610 380 1675 bus
422 1607 784 1675 divinorum
832 1608 1113 1674 virorum
1169 1609 1380 1674 eadem
1428 1611 1870 1693 pronunciavit
1918 1615 2141 1682 mulier

261 1721 671 1810 phiioso'pha.
758 1725 831 1791 In
890 1726 1123 1809 quibus
1184 1726 1355 1811 leges
1409 1730 1780 1795 memoravit
1816 1730 2140 1818 Lycurgi,

263 1862 427 1927 quae
448 1843 712 1928 Spartae
751 1844 1006 1910 fuerunt
1048 1858 1111 1909 et
1154 1844 1483 1911 universae
1522 1843 1655 1913 fere
1673 1845 1971 1915 Graeciae
2010 1870 2143 1917 ser-

262 1961 529 2028 vatrices
547 2007 573 2042 ‚
635 1962 805 2046 leges
866 1963 1014 2027 item
1063 1961 1319 2044 Solonis
1381 1976 1447 2030 et
1499 1963 1895 2033 celeberrima
1955 1988 2147 2051 quae-

266 2098 392 2165 que
440 2075 937 2146 'clarissimorum
997 2078 1277 2144 virorum
1304 2080 1625 2163 inventa,
1668 2097 1931 2167 propter
1977 2105 2144 2168 quos

263 2214 501 2281 natos,
546 2196 802 2281 ingenio
842 2209 1101 2280 ραι-ωε,
1146 2196 1388 2282 adjicit,
1435 2199 1667 2281 templa
1728 2198 1806 2265 iis
1867 2214 1932 2266 et
1974 2220 2148 2269 sacra

264 2318 467 2386 dicata
522 2330 677 2384 sunt
734 2317 1042 2401 plurima3
1104 2331 1367 2400 propter
1411 2316 1719 2381 humanos
1761 2335 1915 2383 vero
1941 2365 1965 2399 ‚
2011 2322 2157 2384 nul-

261 2441 344 2506 h.
433 2437 511 2505 In
564 2434 666 2501 his
722 2435 886 2500 enim
951 2433 1228 2499 omnium
1285 2433 1595 2514 maxime,
1642 2452 1803 2515 quae
1856 2433 1935 2499 iis
1975 2433 2149 2501 intus

266 2556 467 2623 inerat
503 2552 716 2620 divina
755 2551 1034 2631 indoles,
1097 2550 1336 2634 pulcris
1382 2550 1738 2632 spectandis
1782 2551 2149 2637 diligendis·

269 2691 438 2756 que,
481 2685 619 2737 tota
642 2674 757 2737 ‘est
792 2668 1056 2735 excitata
1090 2667 1170 2734 ad
1205 2667 1413 2752 ipsum
1461 2671 1964 2751 persequendum
2004 2673 2148 2754 pul-

152 2793 159 2800 '
266 2810 484 2872 crum,
553 2788 684 2855 imo
740 2805 894 2854 vero
936 2785 1310 2853 inflammata
1359 2799 1458 2851 est
1514 2785 1593 2850 ad
1650 2787 1858 2869 ipsum
1890 2833 1915 2867 ,
1972 2790 2151 2872 quod

268 2927 379 2994 per
417 2925 493 2975 se
531 2920 599 2974 et
635 2906 877 2971 bonum
944 2917 1044 2970 est
1101 2915 1168 2968 et
1217 2902 1463 2986 justum
1507 2905 1586 2968 'et
1651 2902 1888 2971 civitati
1951 2905 2151 2990 utile,

268 3027 347 3094 ad
382 3025 716 3094 civitatum
760 3024 1021 3089 salutem
1065 3017 1514 3087 adhibendum.
1565 3017 1628 3064 <¹³

348 3144 425 3212 In
470 3140 709 3229 quibus
770 3140 1016 3226 placitis
1044 3187 1068 3221 ‚
1114 3138 1168 3205 si
1230 3137 1375 3222 quis
1429 3138 1749 3222 poeticum
1789 3157 2159 3225 aspernatur

269 3264 591 3343 colorem,
638 3257 751 3342 qui
770 3276 805 3323 a
829 3256 1240 3342 philosophia
1265 3255 1510 3323 alienus
1548 3272 1846 3343 putatur,
1869 3258 2026 3325 illud
2045 3279 2161 3326 co-

275 3380 544 3463 gitemus
564 3423 590 3460 ‚
634 3376 804 3443 haud
864 3373 1200 3440 abhorrere
1260 3371 1380 3438 ista
1430 3391 1469 3439 a
1502 3372 1891 3439 naturalibus
1932 3375 2161 3441 mentis

273 3499 582 3565 humanae
633 3492 1057 3573 notionibus,
1119 3507 1279 3573 quae
1329 3489 1565 3575 linguis
1608 3490 1985 3571 dicendique
2033 3511 2161 3557 usu

270 3630 608 3700 expressae
662 3626 730 3679 et
789 3610 966 3694 quasi
1029 3607 1436 3692 consignatae
1501 3620 1678 3673 sunt.
1782 3605 1946 3695 Quis
1999 3609 2167 3677 enim

273 3735 623 3852 popylus,
672 3729 889 3815 paullo
964 3727 1217 3810 quidem
1274 3723 1547 3806 cultior,
1611 3728 1726 3791 sua
1774 3743 1907 3792 non
1949 3724 2170 3812 lingua⁴

274 3850 390 3918 has
437 3849 608 3935 ipsas
633 3894 661 3930 ‚
724 3846 963 3929 quibus
1028 3862 1151 3911 nos
1213 3842 1315 3909 usi
1373 3859 1594 3909 sumus
1618 3888 1642 3922 ‚
1699 3861 1894 3911 voces
1947 3842 2173 3910 dictio·

2022 3979 2174 4032 nes·-

352 4079 438 4153 (ι)
479 4079 670 4154 Symp·
713 4098 835 4154 ²09·
882 4078 972 4135 cf.
1014 4093 1180 4151 supra
1223 4075 1355 4134 Vol.
1401 4074 1450 4131 1.
1484 4092 1541 4146 p.
1577 4073 1695 4131 285.
2055 4079 2058 4082 '
