2900 4817
1085 493 1392 557 uun-⁹·-

310 622 531 735 poenis
567 645 816 731 dignae.
895 644 1185 731 Judicant
1225 643 1418 728 igitur
1466 643 1547 711 de
1596 642 1694 711 his
1732 640 2024 715 omnibus
2053 643 2171 715 ho-

314 764 507 831 mines
545 761 956 847 opinionibus
999 760 1338 847 suspensi,
1380 779 1513 827 non
1545 760 1868 829 scientiam
1912 760 2180 839 athemi-¹

311 881 355 944 ti
377 925 401 961 ‚
454 880 780 966 judicant,
859 894 932 946 ut
991 876 1105 961 qui
1176 880 1493 948 somniant
1552 878 1931 946 dormientes
1955 926 1982 962 ,
2041 879 2172 954 imo

310 1013 460 1064 vero
522 996 591 1063 hi
649 994 864 1082 vigiles
930 995 1245 1065 somniant
1262 1042 1288 1080 ,
1330 993 1493 1082 ὕπαρ
1573 998 2008 1083 &naphta-ovea}
2052 1015 2174 1066 nee

168 1116 169 1125 ’
278 1111 501 1197 ,magis
579 1110 830 1198 vigiliae
894 1131 1093 1220 sune,
1159 1131 1346 1195 quam
1408 1113 1617 1179 somni
1678 1113 1758 1181 ad
1808 1113 2174 1198 sapientiam

311 1227 584 1297 fructum
661 1228 943 1312 capiunt.
1078 1229 1332 1298 Scilicet
1401 1228 1728 1299 simulacra
1792 1244 2106 1313 sectantur
2147 1280 2173 1319 ,

311 1361 437 1413 non
479 1361 631 1413 resa
675 1345 936 1426 pulcra,
979 1361 1110 1409 non
1150 1344 1440 1429 pulcrum
1486 1343 1743 1428 ipsumz
1787 1345 2010 1428 bona,
2038 1349 2181 1434 jus.

312 1474 421 1544 ta,
481 1475 747 1542 sancta,
812 1478 943 1525 non
999 1460 1205 1545 ipsum
1271 1459 1557 1542 bonum,
1620 1462 1832 1545 ipsum
1886 1467 2177 1551 justum,

312 1581 520 1667 ipsum
588 1593 912 1647 sanctumz
999 1597 1132 1644 non
1211 1592 1518 1659 quaerunt
1577 1579 1901 1646 veritatem
1965 1581 2031 1649 in
2079 1584 2182 1651 hio

240 1678 245 1683 ”
315 1698 660 1778 omnibus,
724 1697 837 1764 sed
906 1696 1227 1780 speciem,
1289 1714 1421 1762 non
1496 1701 1567 1768 τὸ
1639 1701 1788 1768 αὐτὸ
1851 1703 1983 1769 ω’
2036 1705 2184 1772 ιω

313 1818 489 1893 ὅντως
548 1817 652 1893 ὃν,
701 1816 874 1897 quod
928 1815 1139 1899 ipsum
1182 1832 1295 1898 per
1336 1833 1406 1882 se
1456 1833 1675 1899 reapse
1706 1831 1806 1883 est
1850 1818 2184 1901 pulcrum,

312 1931 557 1999 bonum
585 1980 611 2015 ‚
647 1933 936 2018 iustum,
989 1947 1322 2015 sanctum,
1366 1933 1478 1999 sed
1536 1933 1709 2016 quod
1763 1932 1832 1999 id
1893 1952 2036 2003 esse
2091 1937 2192 2005 vi-

315 2048 527 2116 detur.
638 2048 805 2116 Illud
859 2049 915 2115 si
984 2064 1338 2132 spectarent
1408 2070 1481 2116 ac
1555 2067 1823 2134 possent
1883 2053 2190 2139 adsequi,-

318 2166 411 2235 sic
488 2168 737 2235 demum
805 2166 1382 2251 expergiscerentur
1439 2179 1476 2232 e
1548 2186 1776 2234 somno
1798 2213 1823 2249 ,
1904 2189 2039 2252 quo
2095 2170 2191 2256 j.-

317 2298 468 2353 cent
554 2270 856 2367 sepulti,
924 2297 1245 2351 cessarent
1345 2284 1593 2367 opinari
1640 2331 1662 2366 ,
1745 2285 1907 2354 scire
1947 2287 2189 2373 incipe-

321 2417 508 2482 rent,
571 2415 635 2468 et
689 2400 967 2469 omnium
1027 2416 1196 2467 esset
1259 2402 1832 2469 controversiarum
1866 2402 2192 2486 istarum,

320 2520 397 2586 ad
478 2538 781 2588 summam
869 2518 1123 2585 humani
1214 2517 1464 2600 generis
1505 2515 1887 2585 “felicitatem
1929 2565 1953 2601 ‚
2045 2518 2198 2590 finis

323 2636 693 2722 impositus.
833 2634 959 2701 Sed
1029 2633 1415 2703 somniantes
1487 2633 1610 2700 hoc
1685 2634 1837 2701 item
1913 2635 2188 2704 habent:

324 2754 503 2837 quod
536 2752 742 2819 simile
799 2766 898 2818 est
937 2750 1119 2816 alicui
1175 2750 1302 2829 rei,
1348 2768 1479 2815 non
1524 2749 1727 2816 simile
1748 2798 1774 2833 ‚
1816 2753 1928 2818 sed
1982 2754 2195 2837 ipsum

323 2890 469 2955 esse
516 2883 777 2939 censent
842 2867 999 2933 illud
1021 2913 1045 2948 ,
1090 2866 1195 2932 cui
1236 2879 1333 2932 est
1389 2865 1617 2932 simile.
1704 2867 1778 2932 Id
1830 2882 2034 2939 autem
2085 2889 2202 2939 no-

306 2986 429 3059 ssbis
469 2988 537 3055 in
594 2987 708 3054 hac
748 2985 1115 3053 conditione
1173 2998 1390 3051 nostra
1437 2982 1880 3071 gravissimum
1939 3002 2039 3055 est
2078 3008 2211 3055 ma·

325 3113 484 3179 lum.
572 3105 916 3174 simulacra
973 3104 1122 3183 illa,
1171 3120 1330 3185 quae
1391 3119 1561 3168 nunc
1623 3103 1759 3168 sola
1817 3103 2204 3190 percipimus

332 3223 626 3292 sensibus
657 3270 681 3306 ‚
726 3241 859 3289 non
898 3220 1225 3288 simulacra
1272 3239 1452 3301 esse,
1499 3219 1615 3286 sed
1651 3238 1750 3288 res
1802 3221 1975 3306 ipsas
2000 3270 2026 3303 ‚
2072 3225 2211 3307 opis

328 3360 596 3411 namura
671 3355 823 3406 sunt
885 3353 1094 3406 autem
1160 3338 1265 3404 illa
1289 3383 1313 3417 ‚
1381 3353 1456 3403 ut
1501 3339 1859 3406 monuimus
1884 3385 1908 3421 ‚
1973 3338 2211 3410 fallacia

334 3474 620 3542 magnam
698 3467 938 3538 partem
965 3501 988 3537 ,
1046 3467 1275 3518 cuncta
1351 3470 1506 3519 vero
1529 3502 1553 3534 ‚
1618 3454 1675 3518 si
1749 3455 2002 3539 quidem
2064 3479 2210 3527 cum

332 3572 616 3642 veritatis
669 3573 813 3637 luce
853 3584 919 3637 et
977 3569 1315 3653 splendore
1372 3569 1833 3654 conferuntur,
1909 3592 2218 3659 perquam

339 3693 633 3781 obscura.
720 3689 900 3775 Ergo
957 3687 1126 3755 bona
1179 3684 1529 3772 persequi,
1576 3706 1736 3770 quae
1782 3688 1948 3758 b'ona
2002 3692 2223 3762 viden·

339 3826 443 3877 tur
467 3857 490 3892 ‚
535 3807 648 3874 sed
699 3821 847 3874 sunt
882 3806 1039 3873 mala
1064 3853 1090 3888 ‚
1129 3806 1302 3890 justa
1353 3822 1756 3891 propugnare
1781 3854 1806 3889 ‚
1853 3828 2015 3897 quac
2060 3811 2222 3896 justi

338 3928 577 3999 habent
620 3924 890 4011 speciem
917 3970 941 4006 ‚
987 3923 1100 3991 sed
1160 3936 1307 3991 sunt
1358 3920 1630 4007 injusta,
1701 3942 1847 3992 vera
1911 3944 2234 4007 assevera-

341 4065 448 4129 re,
496 4060 654 4145 quac.
696 4041 1005 4127 habentur
1054 4056 1200 4110 vera
1221 4088 1245 4123 ,
1290 4041 1405 4111 sed
1439 4056 1602 4111 sunt
1643 4038 1798 4110 falsa
1823 4089 1848 4125 ,
1897 4042 2226 4127 simulacra

2095 4179 2229 4231 om·
