2900 4817
1461 444 1821 509 ,ιι-ιω..-

698 635 927 718 aaran
944 667 966 703 2
1021 663 1115 681 —
1173 632 1377 713 σαυτῷ
1436 655 1509 698 τε
1573 632 1675 699 καὶ
1739 641 1865 703 τοῖς
1940 628 2152 712 ’ἄλλοις
2216 630 2590 711 tinnulum,

697 754 876 828 πλὴν
915 751 1268 832 Σωκράτους
1288 767 1315 811 .·
1357 763 1594 833 semper
1633 749 1735 812 tui
1777 745 1998 812 similis
2049 764 2109 809 es
2122 789 2147 824 ,
2190 766 2223 810 o
2266 744 2592 832 Apollodo-

703 887 786 936 tc
803 914 828 948 ,
889 896 984 914 --·
1042 867 1113 930 in
1164 880 1226 932 te
1295 878 1689 950 caeterosque
1761 862 1980 932 acerbo
2040 861 2348 930 inveheris
2378 907 2405 942 ,
2465 882 2590 932 uno

703 998 956 1072 aexoepco
975 984 1275 1050 Socrate.
1323 979 1387 1026 <¹³
1461 979 1682 1048 Talem
1712 987 1715 992 '
1740 997 1945 1048 autem
1989 980 2055 1048 in
2096 997 2168 1046 se
2204 995 2474 1046 amorem
2517 992 2592 1046 ιιι

701 1104 782 1169 in
823 1101 1155 1185 discipulis
1207 1099 1506 1168 excitaret
1544 1098 1833 1166 Socrates
1856 1144 1881 1177 ‚
1923 1115 2069 1166 curn
2110 1113 2321 1170 mores
2363 1094 2591 1163 effece-

699 1236 860 1287 sunt
899 1218 1021 1285 viri
1047 1265 1071 1298 ,
1115 1232 1249 1283 turn
1288 1215 1579 1284 effecisse
1622 1215 1873 1288 videtur
1907 1213 2175 1284 maxime
2211 1214 2363 1280 haec
2407 1214 2584 1297 ipsa,

697 1356 896 1420 quarn
953 1335 1339 1419 explicamus
1361 1382 1384 1416 ‚
1444 1340 1783 1418 μαιευτικῆ.
1866 1331 2032 1402 Nam
2085 1347 2219 1400 erat
2277 1332 2383 1398 illa
2439 1351 2583 1398 cum

695 1452 1065 1521 incredibili
1127 1452 1390 1535 quadam
1442 1450 1871 1517 benivolentia
1925 1464 1991 1518 et
2027 1447 2304 1518 caritatis
2346 1448 2592 1534 signifi-

689 1570 958 1638 <atione
1040 1570 1416 1654 conjuncta:
1490 1573 1627 1654 ἔρως
1686 1586 1897 1636 autem
1978 1571 2285 1652 ἄνα-ἔρωτα
2342 1572 2535 1638 τίκτει
2556 1587 2583 1633 2

698 1705 895 1754 :amor
934 1687 1200 1754 vicissim
1253 1704 1528 1749 amorem
1576 1686 1787 1771 parit.
1875 1683 2002 1754 Sed
2049 1683 2173 1767 ipsi
2220 1682 2589 1766 disciplinae

699 1804 837 1871 ‘hoc
897 1802 1221 1885 proprium
1290 1817 1421 1868 etat
1460 1847 1485 1881 ,
1553 1813 1628 1866 ut
1693 1815 1938 1882 pareret
2014 1818 2314 1868 amorem.
2419 1800 2587 1868 Nam

698 1918 982 2003 primum
1007 1965 1031 1999 ,
1075 1916 1339 1983 sublatis
1403 1915 1815 1999 opinionibus
1882 1915 2064 1983 falsis
2116 1931 2182 1984 et
2247 1936 2586 2001 praeoccu-

701 2036 881 2118 -patis
905 2081 930 2116 ‚
973 2051 1242 2104 amorem
1284 2034 1419 2101 veri
1442 2081 1467 2114 ,
1514 2034 1623 2102 diu
1682 2034 1824 2101 istis
1885 2054 2260 2119 oppressum
2326 2052 2392 2102 et
2450 2035 2585 2103 fere

701 2152 1092 2226 suffocatum
1112 2185 1140 2231 ,·
1181 2165 1497 2233 tamquam
1534 2170 1572 2218 e
1610 2151 1820 2219 cinere
1853 2152 2240 2234 suscitabat,
2284 2168 2356 2219 ut
2411 2171 2588 2220 exar-

695 2269 1095 2342 descet-etin
1136 2270 1380 2335 animo:
1429 2269 1553 2336 hoc
1592 2284 1804 2336 autem
1853 2270 1995 2350 quis
2046 2284 2145 2338 est
2208 2270 2319 2352 qui
2375 2271 2589 2338 incen-

679 2390 927 2469 ⁴aditur,
973 2387 1129 2470 quin
1165 2388 1382 2454 eodem
1422 2401 1889 2471 praeceptorem
1940 2388 2155 2453 studio
2207 2404 2272 2455 et
2331 2407 2586 2470 amore,

712 2525 845 2589 quo
902 2506 1098 2589 ipsam
1149 2505 1519 2586 veritatem,
1579 2504 2051 2588 prosequatur?
2107 2505 2231 2571 Est
2268 2505 2436 2573 enim
2484 2505 2589 2574 hic

601 2637 610 2650 ’
707 2623 839 2708 ipsi
881 2642 1012 2690 non
1046 2622 1275 2687 summi
1318 2637 1555 2690 tantum
1597 2620 1885 2688 beneficii
1924 2638 2184 2703 auctor,
2229 2623 2342 2689 sed
2381 2640 2590 2690 exem-

705 2743 893 2828 -plum
960 2742 1187 2821 etiam,
1245 2741 1420 2823 quod
1467 2739 1727 2823 assequi
1786 2740 2076 2821 studeat,
2133 2739 2272 2823 ipsa
2325 2754 2427 2806 est
2493 2739 2591 2806 ini

704 2859 994 2932 ‘veritatis
1038 2857 1420 2940 virtutisque
1467 2856 1714 2942 imag0‚
1760 2876 1888 2940 qua
1945 2859 2423 2941 contemplanda
2476 2878 2589 2924 co-

705 2979 1057 3058 -lendaque,
1123 2974 1415 3042 amatoris
1486 2975 1671 3056 plane
1726 2975 1921 3040 instar
1942 3020 1964 3055 ,
2024 2973 2233 3041 satiari
2285 2993 2417 3044 non
2468 2995 2590 3060 po·-

701 3109 864 3162 -test.
952 3094 1188 3172 Vero„
1211 3093 1304 3159 sic
1339 3094 1528 3175 plane
1578 3092 1861 3158 divinum
1915 3104 2381 3176 praeceptorem
2426 3113 2593 3162 ama-

705 3213 870 3278 bant
909 3208 1258 3291 Socratici,
1303 3208 1397 3275 sic
1434 3227 1579 3306 eum
1613 3225 1763 3292 post
1802 3223 2064 3276 mortem
2117 3210 2391 3277 venerati
2435 3227 2591 3278 sunt
2632 3191 2639 3202 ’

697 3345 780 3397 -et
818 3327 1175 3396 coluerunt.
1261 3325 1548 3406 Deinde,
1594 3326 1706 3409 qui
1750 3325 1862 3391 hac
1916 3326 2246 3411 disciplina
2290 3350 2325 3397 a
2368 3330 2594 3398 Socra·

701 3458 782 3512 *te
841 3443 1383 3529 perpurgabantur
1405 3489 1430 3524 ,
1505 3443 1777 3528 primum
1856 3445 2109 3527 quidem
2191 3467 2372 3535 aegre
2430 3450 2596 3519 fere-

699 3563 914 3641 bant,
978 3558 1210 3628 auferri
1262 3558 1386 3624 sibi
1438 3578 1556 3641 ea,
1602 3559 1836 3643 quibus
1889 3561 2075 3628 unice
2113 3564 2591 3649 gloriabantur,

719 3694 1009 3763 quaeque
1052 3692 1128 3743 ut
1182 3691 1360 3761 parta
1410 3678 1665 3764 ingenio
1703 3696 1824 3743 auo
1860 3682 2116 3762 paterna
2153 3679 2410 3748 caritate
2451 3682 2598 3748 dili·

705 3796 951 3884 gebat
1001 3807 1068 3862 et
1122 3796 1589 3864 osculabantur.
1699 3795 1937 3878 Erant,
1992 3813 2068 3864 ut
2112 3797 2199 3864 ait
2254 3798 2591 3882 Socrates,

695 3957 744 3986 .-
2362 3915 2373 3922 ’
2483 3917 2599 4000 qui

799 4028 881 4099 (ι)
920 4025 1110 4097 Symp.
1149 4028 1247 4099 ηδ
1279 4028 1354 4086 D.
