2900 4817
1124 539 1518 629 -1-193—
1639 637 1645 642 ,

350 695 498 784 quii
556 701 835 792 interni,
897 728 1032 797 quo
1082 713 1303 822 hom-o*
1328 742 1577 828 secum.
1624 731 1770 820 ipse
1824 715 2034 832 agit,·
2070 743 2250 826 emus

353 815 577 906 vitun,
633 824 897 911 scriptio
966 846 1229 922 autem,
1286 838 1484 930 hujus
1545 850 1788 924 effluvii
1850 860 2053 954 imago
2091 870 2235 944 (ι),

276 1010 285 1019 ,
352 938 523 1005 unde
599 957 833 1026 sponte
908 947 1251 1038 efficimus,
1318 963 1574 1035 nomina
1639 984 1713 1039 et
1774 977 1966 1049 verba
2025 984 2236 1072 ipsius

347 1054 576 1121 mentis
635 1056 1171 1149 cogitationisque
1228 1074 1429 1143 veluti
1487 1098 1789 1167 expressa
1848 1112 1990 1165 esse
2038 1102 2234 1172 simu·
2291 1109 2300 1116 '

347 1166 508 1236 lacta
528 1216 554 1252 ‚
598 1190 679 1239 ex
718 1173 927 1258 iisque
962 1181 1151 1250 nobis
1197 1186 1388 1259 licere
1410 1241 1435 1276 ‚
1477 1200 1773 1273 notiones
1827 1215 2059 1283 mentis
2109 1220 2233 1288 hu·-

342 1294 563 1355 'manae
611 1292 902 1378 proprias
929 1342 954 1378 ‚
1022 1319 1182 1385 quae
1238 1308 1429 1404 unice
1495 1334 1677 1386 verae
1727 1342 1915 1427 sunt,
1986 1335 2231 1423 quippe

340 1416 627 1473 naturam
683 1408 1025 1482 referentes
1045 1463 1070 1512 9
1136 1424 1465 1507 explorare
1527 1449 1593 1500 et
1634 1455 2040 1523 cognoscere.
2111 1455 2230 1524 Et

339 1539 496 1589 vero
535 1524 716 1593 Plato
737 1574 764 1609 ‚
810 1528 920 1596 ubi
957 1535 1060 1599 vel
1106 1536 1423 1610 Socratem
1470 1552 1572 1616 vel
1613 1555 1801 1624 alium
1850 1582 2217 1644 quemcum-

340 1659 469 1725 que
526 1642 753 1729 placita
805 1665 921 1715 sua
979 1653 1413 1728 enunciantem
1487 1664 1732 1737 inducit
1750 1720 1776 1755 ,
1844 1681 2022 1762 nulla
2077 1687 2212 1767 non

242 1807 249 1815 .
328 1761 821 1844 ‘opportunitate
854 1767 1104 1836 eosdem
1150 1790 1190 1838 e
1227 1772 1530 1860 loquendi
1571 1795 2031 1865 consuetudine
2072 1820 2222 1872 sen·

336 1876 593 1945 tentiam
650 1898 825 1948 suam
864 1886 1235 1968 probantem
1276 1890 1454 1964 fecit.
1541 1899 1750 1972 Abest
1793 1927 2001 1981 autem
2050 1921 2216 1987 mul*

334 2005 511 2077 tum,
553 2009 627 2064 ut
664 1998 817 2067 haec
855 2000 941 2068 sit
999 2006 1204 2092 ratio,
1256 2015 1388 2095 qua
1447 2023 1825 2093 tractandam
1880 2045 2026 2101 ease
2073 2036 2212 2106 veri

330 2109 674 2181 doctrinam
733 2116 1215 2192 existimaveritz
1279 2145 1410 2195 non
1474 2133 1630 2215 quin
1688 2147 2057 2214 convenerit
2106 2150 2210 2238 ip-

328 2227 464 2296 sius
502 2230 982 2315 philosophiaez
1046 2257 1210 2320 quae
1262 2241 1404 2327 ipse
1456 2248 1729 2322 subinde
1768 2260 1958 2329 verba
2015 2282 2051 2332 e
2087 2271 2209 2339 sua

326 2344 545 2432 lingua
582 2347 880 2416 excitavit
894 2397 918 2431 ,
974 2366 1047 2417 ut
1091 2357 1460 2445 excriben,
1505 2384 1793 2438 vannarc
1815 2419 1840 2455 ,
1881 2385 2210 2452 carmina·-

325 2483 400 2531 νε
423 2512 449 2548 ,
504 2460 731 2533 similia
756 2513 781 2549 ,
829 2465 923 2531 (α)
980 2468 1297 2559 vidimus,
1358 2495 1544 2564 quam
1609 2502 1756 2572 apte
1814 2491 1919 2560 illa
1992 2498 2202 2581 ipsius

305 2579 676 2649 ‘dialecticae
696 2630 723 2665 ‚
789 2604 951 2669 quae
981 2588 1411 2688 ‘discernendo
1471 2591 1536 2666 in'
1590 2599 1812 2689 primis
1868 2609 2202 2703 procedit,

319 2699 747 2784 conveniant3
828 2718 894 2769 et
947 2702 1106 2774 ‘sane
1161 2727 1282 2778 nos
1344 2711 1410 2781 in
1478 2718 1578 2785 his
1636 2723 2196 2809 disquisitionibus

323 2814 618 2882 omnibus
665 2817 744 2884 de
801 2818 1211 2906 philosophia
1260 2827 1581 2902 Platonica
1602 2882 1626 2915 ‚
1692 2841 2004 2924 explicare
2055 2855 2202 2921 eam'

318 2927 519 3000 ferme
569 2946 761 3001 totam
827 2953 868 3003 e
924 2954 1203 3008 veterum
1279 2950 1831 3048 recentiorumque
1889 2961 2196 3045 loquendi

318 3050 818 3134 consuetudine,
881 3071 921 3121 e
973 3059 1235 3142 propria
1285 3063 1625 3135 verborum
1682 3071 2141 3158 significatione
2160 3127 2189 3166 ‚

317 3182 450 3231 non
509 3166 656 3234 sine
708 3167 965 3252 fructu,
1024 3187 1098 3240 ut
1159 3176 1347 3248 nobis
1406 3182 1740 3271 videmur,
1800 3194 2184 3268 studuimus.

281 3281 444 3350 „Sed
480 3282 739 3352 fuerunt
795 3288 1075 3356 Platonis
1114 3307 1357 3378 aetate,
1422 3300 1532 3383 qui
1585 3322 1881 3386 perverse
1928 3309 1992 3377 id
2040 3333 2188 3399 age-

311 3413 500 3483 rent,
544 3403 870 3487 sophistae
925 3406 991 3472 in
1047 3409 1264 3491 primis
1321 3433 1488 3496 quos
1547 3418 1817 3489 diximus
1876 3438 1942 3491 et
1983 3427 2188 3498 Hera-

311 3516 482 3586 clitei
541 3519 931 3605 philosophi.
1024 3523 1114 3593 Hi
1175 3529 1339 3596 miro
1404 3533 1736 3620 acumine3
1803 3542 1914 3608 sed
1966 3543 2184 3633 inepte

308 3634 463 3702 haec
500 3634 712 3702 studia
750 3611 1248 3727 persequentes,
1290 3663 1424 3713 non
1478 3667 1516 3716 e
1556 3652 1766 3721 verbis
1803 3671 1870 3723 et
1909 3664 2180 3734 nomini-

302 3749 429 3818 bus
465 3753 698 3822 ducere
733 3753 975 3823 nativas
1020 3762 1251 3852 ‘mentis
1305 3763 1612 3836 humanae
1659 3765 2025 3864 notiones,'
2061 3784 2178 3851 sed

2103 3898 2172 3968 in

258 3987 269 4082 J
376 4010 471 4094 (ι),
498 4013 1208 4092 Pha-ar.27s.A.csv01.
1233 4025 1313 4082 11.
1351 4025 1412 4082 Ρ.
1440 4030 1485 4085 ι.
1523 4034 1893 4106 pnsum.
1916 4047 1972 4093 οι
2006 4040 2054 4093 P
2086 4045 2169 4102 11.

298 4123 501 4186 paon
563 4115 653 4190 (a)
696 4119 943 4200 sophi-se,
976 4124 1080 4179 226
1113 4132 1170 4178 et
1200 4143 1324 4199 ²²7·
1360 4128 1451 4186 Cf.
1487 4130 1617 4189 vol.
1654 4135 1740 4191 11.
1776 4135 1922 4194 1’.11.
1957 4158 2018 4212 p.
2044 4157 2169 4202 120.

1220 4225 1289 4294 N
1681 4250 1686 4255 .
