2900 4817
1087 470 1449 558 ...αμψ-ν

318 644 773 734 pladu‘xemut
819 650 1313 719 adhodiernum
1351 666 1622 737 aevum,
1663 666 1832 734 quae
1864 650 2187 735 madiae„

316 772 651 853 superare,
696 768 829 835 sed.
866 786 1131 851 aequare
1181 771 1337 836 adeo
1390 769 1500 836 vix
1559 772 1960 853 potuerunt.·
2033 768 2175 839 Nee

312 901 545 953 temere
584 887 857 977 dicamus
879 931 904 967 ‚
966 898 1271 968 quantum
1329 885 1555 953 Graeci
1605 887 1868 953 caeteris
1916 887 2175 970 populis

311 1003 757 1087 praestiterunt
805 1001 1248 1087 philosophiae
1284 1003 1498 1069 studio
1523 1048 1551 1086 ,
1596 1016 1834 1069 tantun
1869 1005 2177 1101 eloquen-

312 1119 404 1187 tia
455 1134 518 1186 et
575 1119 899 1187 dialectica
940 1117 1200 1188 caeteris
1251 1118 1520 1186 Graecis
1555 1118 1946 1204 praestitisse
1970 1118 2176 1189 Arbe-

305 1235 584 1304 nienses.
1070 1262 1075 1267 ·
1414 1258 1419 1265 ·
1657 1292 1668 1298 -
1859 1260 1866 1269 ·
1961 1260 1970 1297 ³
2071 1304 2078 1311 .

393 1353 773 1421 Debuerant
826 1354 983 1420 hanc
1037 1353 1295 1437 gloriam
1337 1348 1640 1421 Athme-
1672 1338 2012 1437 praeclaris
2033 1373 2178 1425 ort·

310 1470 556 1540 toribus
582 1516 606 1551 ‚
664 1488 832 1552 quos
890 1470 1294 1552 protulerunt
1306 1484 1345 1550 3,
1390 1468 1506 1534 sed
1555 1466 1914 1534 dialecticoe
1956 1466 2178 1552 initia,

310 1607 478 1673 quae
526 1601 593 1653 et
644 1588 814 1670 justa
882 1597 1052 1652 esset
1124 1602 1240 1653 nec
1301 1584 1381 1650 ad
1454 1584 1878 1666 eloquentiam
1932 1599 2180 1672 tanum

314 1702 770 1771 informandam
817 1700 975 1783 rite,
1060 1701 1175 1768 sed
1226 1700 1304 1768 ad
1352 1699 1554 1785 ipsam
1604 1701 1931 1769 colendam
1957 1702 2185 1786 ‚phils-

310 1818 605 1903 sophiam
669 1819 947 1901 valeret,
1027 1814 1217 1902 huius
1276 1815 1452 1885 initia
1518 1816 1598 1884 ab
1671 1836 1804 1885 uno
1881 1817 2180 1888 videntur

313 1937 577 2008 Socrate
632 1937 894 2003 maxime
924 1935 1309 2021 sepetenda.
1413 1934 1591 2022 Quid
1651 1935 1775 2002 sibi
1824 1937 2018 2003 vellet
2071 1937 2180 2004 ille

322 2057 766 2138 interrogando
818 2055 1307 2139 arguendoque,
1353 2053 1529 2136 quod
1587 2052 1653 2119 in
1690 2053 2072 2137 gymnasiis,
2113 2053 2185 2120 in

311 2172 460 2241 foro
512 2186 578 2239 et
632 2172 823 2238 nullis
870 2189 1003 2236 non
1054 2170 1287 2236 civium
1351 2150 1771 2236 conventibus
1812 2169 2176 2254 factitabat,

309 2307 445 2359 non
501 2287 1005 2371 adsequebantur
1047 2287 1381 2369 aequalem
1439 2304 1572 2369 quo
1636 2288 1862 2354 accidit
1885 2335 1914 2370 ‚
1954 2304 2030 2355 ut
2069 2308 2182 2374 pe-

306 2403 549 2472 culiare
587 2401 713 2466 hoc
768 2399 1086 2467 videretur
1134 2399 1516 2488 Sophisticao
1570 2416 1768 2487 genus
1826 2420 1970 2470 esse
1989 2404 2026 2486 ,’
2082 2417 2178 2470 at-

296 2538 446 2605 ·que
506 2518 653 2603 ipse
690 2536 742 2583 a
796 2516 1054 2583 comicis
1130 2528 1441 2600 tamquam
1497 2534 1664 2585 unus
1732 2516 2179 2606 sophistarum

308 2639 377 2705 in
452 2654 642 2702 scena
711 2635 1182 2716 traduceretur3
1265 2634 1510 2718 posteri
1569 2637 1819 2705 demum
1874 2636 1948 2704 id
1993 2640 2180 2706 intel-

305 2756 605 2821 lexeruut
623 2797 649 2831 ,
690 2762 1031 2833 postquam
1070 2767 1235 2815 cum
1291 2752 1395 2816 alii
1452 2751 1795 2834 Socratici,
1857 2769 1996 2822 tum
2043 2759 2182 2824 Xe-

284 2869 579 2954 -nophon
625 2883 689 2932 et
736 2867 914 2933 Plato
965 2865 1126 2930 hanc
1186 2882 1399 2933 veram
1457 2867 1839 2936 dialecticam
1860 2917 1886 2951 ‚
1928 2873 2180 2941 tradem-

311 2984 413 3051 dis
472 2984 610 3070 ejus
652 2979 1049 3049 sermonibus
1073 3028 1099 3063 ‚
1142 2997 1589 3065 exposuerant.
1677 2983 1753 3054 Id
1787 3002 2182 3075 autemprae

306 3100 569 3169 caeteris
622 3099 889 3167 maxime
946 3097 1294 3181 patefacere
1350 3101 1532 3168 Plato
1587 3104 1832 3171 studuit
1854 3152 1880 3186 ,
1941 3108 2057 3189 qui
2115 3123 2180 3177 et

306 3202 613 3289 rationem
683 3216 873 3302 hujus
931 3215 1285 3284 dialecticae
1329 3233 1400 3286 et
1448 3218 1582 3288 vim
1605 3267 1633 3302 ‚
1720 3241 1903 3305 quam
1957 3224 2022 3290 in
2069 3246 2180 3292 au-

294 3333 615 3401 ·dientium
663 3332 905 3398 animos
962 3332 1218 3399 haberet
1237 3378 1262 3413 ,
1305 3333 1660 3402 scribendis
1707 3337 1976 3422 dialogis
2002 3385 2029 3421 ,
2067 3359 2182 3408 ex-

292 3449 613 3538 -primeret
633 3448 865 3514 :idem
906 3448 1061 3514 adeo
1107 3449 1326 3516 iisdem
1385 3451 1654 3537 dialogis
1673 3500 1697 3535 ‚
1745 3473 1905 3537 quae
1939 3459 2062 3524 vel·
2081 3455 2181 3546 ip-

292 3589 388 3639 .oe
437 3569 505 3634 in
556 3567 672 3633 hac
724 3579 859 3632 arte
910 3565 1229 3634 invenerat
1252 3613 1278 3648 ,
1321 3571 1424 3635 vel
1467 3586 1507 3636 e
1548 3570 1826 3638 Socratis
1882 3575 2180 3646 aliorum·-

272 3706 444 3772 „que
496 3685 741 3753 ratione
799 3685 1060 3751 duxemt
1080 3731 1106 3766 ‚
1182 3687 1559 3769 complexus
1623 3702 1762 3757 ests
1850 3708 1921 3759 ut
1988 3697 2179 3764 nobis

313 3825 484 3874 nunc
556 3803 807 3887 quidem
833 3849 861 3884 ‚
946 3801 1005 3866 si
1063 3820 1386 3888 germanae
1460 3803 1809 3874 dialecticae
1851 3812 2181 3882 'radonem

302 3939 524 3991 -veram
579 3921 841 4006 adsequi
899 3921 1218 4005 velimus,
1299 3926 1380 3988 ex
1418 3922 1850 3995 <his.maxime
1893 3926 2184 3996 fontibus

300 4036 722 4107 -huriendum
758 4039 891 4108 sit,
973 4037 1351 4121 Patebitssita
1378 4040 1780 4127 ,θώων
1809 4047 1988 4127 quod
2007 4063 2190 4121 nnn-

1217 4155 1277 4225 F
2032 4160 2189 4236 dum
