2900 4817
1090 514 1435 575 ...29-

757 869 761 874 .
847 768 1075 855 Quid
1129 761 1695 839 est'discere?

424 1035 874 1108 Proferendum
932 1039 1039 1106 hic
1105 1031 1291 1105 nobis
1358 1039 1656 1121 placitum
1715 1038 1993 1107 Platonis
2053 1051 2153 1107 est
2172 1085 2199 1122 ,

339 1157 518 1238 quod
574 1169 831 1224 nostrae
897 1175 1049 1223 sane
1106 1155 1600 1241 philosophandi
1663 1155 1889 1226 rationi
1953 1156 2212 1222 minime

335 1272 697 1339 conveniat.
786 1276 1051 1342 Discere
1088 1270 1307 1339 statuit
1348 1273 1456 1338 ille
1494 1273 1665 1338 nihil
1701 1268 1888 1337 aliud
1924 1291 2046 1338 esse
2087 1274 2213 1337 nisi

339 1390 681 1453 reminisci.
773 1389 978 1472 Cujus
1032 1388 1379 1454 sententiae
1414 1387 1528 1452 vis-
1556 1406 1634 1452 ex
1674 1386 1971 1469 sublimi,
2015 1403 2206 1470 quem

342 1503 534 1568 modo
582 1503 1062 1569 memoravimus
1124 1503 1391 1584 iterum,
1434 1505 1734 1569 amatorio
1786 1504 2025 1586 hymno
2064 1521 2209 1587 per·-

340 1618 596 1702 cipitur.
689 1619 1213 1687 Reminiscentiae
1276 1621 1404 1687 illic
1466 1621 1698 1687 mentio
1760 1618 2026 1700 fiebat,-
2049 1640 2211 1703 quae

343 1755 681 1818 superesse
760 1736 1037 1804 hominis
1119 1736 1323 1804 animo
1407 1737 1762 1803 etiamnunc
1844 1736 2207 1818 dicebatur,

344 1863 702 1936 postquam'
742 1855 924 1919 coelo
982 1855 1197 1936 lapsus
1260 1852 1327 1920 in
1390 1853 1549 1946 banc
1612 1855 1932 1921 demersus
1985 1867 2209 1921 terram

343 1983 442 2034 est
463 2016 488 2050 ,
538 1970 747 2037 locum
803 1968 1099 2037 scientiae
1155 1972 1243 2055 et}
1278 1972 1527 2039 veritati
1579 1972 1982 2042 contrarium.
2067 1973 2210 2069 Nec

344 2104 500 2152 vero
556 2087 681 2152 hoc
742 2102 975 2155 temere
1031 2089 1115 2155 ita
1169 2091 1435 2172 posuit,
1510 2109 1646 2174 quo·
1714 2090 1953 2158 scilicet
2030 2087 2213 2157 fabu-

346 2206 468 2269 lam
554 2203 986 2271 suavissimam
1065 2206 1521 2273 commendaret
1599 2208 1832 2293 magis:
1920 2208 2087 2275 serio
2145 2207 2211 2272 id

348 2319 512 2386 idem
571 2320 636 2385 in
691 2321 855 2387 haud
922 2341 1050 2388 uno
1111 2341 1399 2390 sermone
1442 2343 1586 2390 cum
1626 2324 2029 2407 memoravit,
2074 2341 2208 2392 tum

345 2438 647 2522 probavit
686 2439 890 2521 ade03
952 2453 1017 2506 et
1072 2459 1225 2508 vero
1280 2441 1372 2508 sic
1440 2459 1573 2507 rem
1630 2456 2005 2525 persecutus
2064 2455 2161 2508 est
2182 2487 2209 2524 ,

342 2572 462 2635 ut,
507 2555 565 2621 si
624 2556 830 2622 minus
884 2558 1250 2640 persuadeat
1302 2558 1491 2625 nobis
1516 2606 1539 2640 ,
1595 2576 1669 2625 ea
1723 2572 1924 2626 tamen
1980 2559 2214 2626 dixisse

344 2671 637 2739 vidffltur
661 2719 685 2754 ,
728 2692 891 2755 quae
926 2691 1069 2739 cum
1115 2674 1378 2740 veritate
1427 2678 1764 2761 conjuncta
1784 2705 1794 2718 ·
1812 2694 2208 2743 censeantur.

347 2786 672 2874 Quocirca
730 2797 1056 2854 sei-‘mones
1126 2788 1273 2854 illos
1332 2789 1560 2856 Cicero
1629 2791 1917 2857 lubenter
1969 2790 2212 2857 citavit.

346 2905 424 2971 In
480 2906 596 2972 illo
646 2905 926 2973 Platonis
964 2905 1131 2971 libro
1152 2953 1176 2988 ,
1236 2906 1319 2972 ait
1343 2952 1367 2987 ,
1435 2906 1550 2989 qui
1637 2907 1995 2999 inscribitur
2070 2906 2218 2973 Me·

298 3057 307 3064 ·
348 2997 479 3104 no,
521 3022 859 3106 pusionem
918 3023 1243 3105 quemdam
1302 3024 1595 3090 Socrates
1646 3023 1988 3116 interrogat
2025 3041 2216 3108 quae·

348 3142 491 3206 dam
537 3140 912 3225 geometrica
950 3142 1028 3206 de
1066 3140 1457 3209 dimensione
1498 3142 1824 3225 quadrati:
1870 3141 1948 3207 ad
2000 3161 2071 3209 m
2121 3142 2214 3208 sic

346 3259 461 3324 ille
505 3257 847 3341 respondet
867 3304 894 3338 ,
962 3271 1034 3322 ut
1071 3278 1273 3342 puer3
1322 3275 1386 3327 et
1454 3275 1658 3326 tamen
1710 3261 1798 3327 ita
1853 3259 2066 3327 faciles
2119 3260 2217 3326 in-

345 3374 805 3459 terrogationes
866 3388 1058 3457 sunt,
1100 3392 1175 3441 ut
1236 3377 1532 3460 gradatim
1570 3379 1959 3462 respondens
1996 3379 2215 3445 eodem

352 3490 720 3575 perveniat,
766 3509 897 3574 quo
942 3491 1000 3558 si
1058 3493 1426 3577 geometrica
1482 3494 1827 3561 didicisset.
1927 3494 2032 3560 Ex
2086 3513 2218 3575 quo

349 3606 517 3676 effici
550 3611 689 3674 vult
728 3609 1063 3690 Socrates,
1108 3624 1183 3675 ut
1240 3610 1482 3677 discere
1536 3611 1692 3677 nihil
1741 3611 1909 3677 aliud
1951 3611 2038 3678 sit
2089 3610 2217 3679 nisi

346 3705 699 3791 recordari.
746 3732 814 3775 ὕ)
853 3708 1109 3812 Dialogi
1144 3726 1318 3794 illius
1358 3746 1520 3810 quae
1547 3727 1630 3794 sit
1670 3727 1871 3795 forma
1908 3743 1974 3797 et
2018 3730 2218 3812 ratic,

346 3840 653 3924 deinceps
696 3841 1036 3910 identidem
1106 3844 1612 3931 explorabimus:
1681 3846 1784 3916 hic
1840 3847 2220 3936 animadver-

2103 3964 2217 4031 tis·

435 4067 519 4138 (ι)
560 4066 677 4123 cic.
714 4069 876 4125 Tunc.
916 4070 964 4126 1.
998 4071 1082 4126 24.
