2900 4817
1060 447 1399 513 nun—2⁵·—

287 607 557 678 Verirati
608 612 865 679 studens
916 611 1153 695 unice,
1198 629 1395 696 quum
1459 611 1528 678 in
1571 612 1672 679 his
1719 613 1958 699 rebus,
2000 635 2173 701 quae·

292 728 584 795 §ensibus
644 728 1124 812 percipiuntur,
1185 713 1359 813 quod
1416 747 1565 798 vere
1620 746 1789 826 esset
1829 734 2163 819 pulcrum,

292 844 533 916 ,bonum
560 892 583 926 ,
642 845 883 930 justum
910 892 936 929 ‚
999 845 1385 930 omninoque
1447 847 1623 927 quod
1670 867 1890 916 ‘verum
1943 866 2113 919 esset
2136 889 2175 936 ,-

294 979 426 1043 non
475 961 820 1045 reperiret,
892 964 1087 1047 vulgo
1120 962 1632 1046 -relinquendum
1685 965 2178 1050 adspecmbilem

275 1077 602 1151 ‚mundum
654 1077 878 1145 duxitt
967 1078 1093 1144 sibi
1140 1095 1293 1145 vero
1352 1077 1783 1165 omnibusque
1846 1095 2178 1167 quotquot

296 1195 420 1262 rite
469 1213 697 1263 navare
746 1194 1195 1280 philosophiae
1253 1213 1505 1278 operam
1562 1209 1865 1281 cuperent
1887 1245 1913 1282 ,
1973 1200 2168 1271 alium

303 1324 512 1380 mente
544 1325 611 1378 et
656 1310 1037 1397 cogitatione
1097 1309 1395 1374 mundum
1447 1309 1737 1392 aperuit,
1781 1311 1847 1378 in
1893 1332 2024 1395 quo
2063 1313 2170 1398 id,

305 1429 481 1512 quod
532 1428 832 1514 flagrante
889 1426 1102 1494 studio
1153 1425 1487 1510 appetebat
1511 1474 1535 1507 ,
1582 1426 1896 1495 invenisse
1944 1429 2069 1496 sibi
2108 1444 2176 1498 et

303 1544 712 1630 contemplari
779 1544 1127 1612 videbatur.
1256 1544 1329 1608 In
1395 1542 1630 1624 quibus
1697 1542 2005 1630 fingendis
2068 1546 2179 1617 de-

302 1661 778 1744 scribendisque
804 1662 1094 1741 modum,
1138 1657 1386 1741 fateor,
1429 1661 1735 1742 subinde,
1783 1681 1968 1746 quem
2016 1662 2176 1730 ratio
2291 1754 2296 1760 .

304 1777 573 1864 definit,
615 1779 929 1860 excessit,
972 1777 1239 1845 subinde
1289 1777 1511 1859 etiam,
1560 1777 1734 1861 quod
1787 1798 1918 1846 non
1962 1780 2177 1849 imme·

310 1898 433 1965 rito
482 1893 684 1983 carpit
720 1896 1099 1964 Aristoteles
1122 1942 1145 1977 ,
1189 1898 1460 1979 poeseos
1497 1897 1691 1981 magis
1730 1896 2175 1967 sublimitatem

303 2027 749 2096 consectatus,
794 2033 979 2098 quam
1041 1992 1445 2080 subtilitatem
1490 2013 1934 2098 philosophiae
1994 2032 2182 2084 secu·

310 2144 416 2219 tus
473 2145 572 2198 est
614 2129 704 2200 (ὓ.
793 2129 1033 2197 Verum
1110 2129 1267 2196 idem
1331 2130 1530 2195 hocce
1588 2144 1719 2200 tum
1784 2131 2031 2200 demum
2078 2133 2182 2222 ju·

312 2267 382 2320 re
434 2248 811 2332 carpendum
872 2246 1187 2326 nobisque
1244 2248 1592 2316 cavendum
1649 2258 1859 2327 esset,
1922 2247 1979 2313 si
2038 2247 2182 2329 qui-

311 2363 451 2436 dem
515 2364 761 2449 poetica
813 2360 910 2427 illa
940 2409 964 2444 ,
1010 2377 1082 2427 ut
1130 2359 1282 2432 fecit
1341 2363 1765 2444 Aristoteles,
1809 2364 1886 2434 ad
1922 2363 2182 2431 demon-

309 2480 632 2552 strationis
676 2479 1138 2546 mathematicae
1197 2480 1364 2564 leges
1421 2479 1858 2564 adstringenda
1897 2494 1961 2546 et
2011 2479 2182 2549 hunc'

309 2600 379 2667 in
432 2598 686 2668 modum
749 2596 1205 2681 interpretanda
1261 2595 1644 2664 viderentur.
1731 2597 1965 2666 Noluit
2020 2599 2182 2668 illud

311 2715 646 2798 vetuitque
708 2713 849 2800 ipse
897 2712 1372 2804 philosophus,
1459 2715 1698 2800 quippe
1752 2715 1865 2799 qui
1928 2718 2182 2802 quoties

313 2834 395 2905 de
446 2832 632 2898 rebus
692 2829 872 2897 hisce
942 2829 1322 2897 sublimibus
1400 2843 1465 2895 et
1528 2831 1756 2897 divinis
1809 2847 1942 2900 erat
2008 2848 2184 2901 actu·

312 2972 467 3040 rus,
508 2949 826 3022 auditores
874 2946 1203 3028 monebat,
1246 2961 1318 3012 ut
1362 2962 1725 3030 reputarent
1777 2963 1841 3016 et
1878 2966 2024 3020 eum
2069 2951 2183 3033 qui

311 3072 545 3142 diceret
602 3084 669 3137 et
722 3066 902 3156 ipsos
955 3063 1067 3151 qui
1125 3064 1453 3148 audirent,
1521 3065 1812 3136 mortales
1871 3083 2014 3135 esse
2073 3067 2180 3135 <²³2

314 3187 637 3261 scientiam
689 3185 907 3256 harum
962 3202 1164 3252 rerum
1227 3184 1370 3249 Deo
1431 3197 1573 3250 esse
1638 3181 1949 3272 propriam
1971 3231 1996 3265 ,
2065 3164 2184 3252 hoa
2225 3165 2231 3171 ’

312 3285 507 3378 'minis
569 3321 723 3371 vero
776 3320 919 3369 esse
955 3299 1273 3384 inquirere
1323 3299 1824 3384 inquirendoque
1868 3298 1949 3365 ad
1987 3299 2207 3368 scien-'

319 3423 469 3496 tiam
492 3469 517 3504 ,
596 3419 808 3505 quoad
853 3418 989 3502 ejus
1050 3415 1179 3482 fieri
1239 3417 1492 3499 possit,
1551 3413 1885 3481 accedere:
1973 3416 2183 3485 Deum

317 3540 580 3613 novisse
639 3534 916 3617 iccirco,
973 3551 1172 3626 numu,
1234 3551 1394 3617 quae
1436 3546 1603 3601 esset
1644 3531 1974 3617 dicturus,
2039 3553 2188 3603 vera

321 3669 581 3739 essent,
625 3671 703 3725 se
751 3669 954 3731 vere,
999 3668 1157 3732 quae
1198 3647 1325 3736 ipsi
1391 3648 1745 3718 viderentur
1802 3668 1947 3742 vera
1968 3696 1993 3733 ,
2037 3672 2186 3738 pro.

1917 3851 1924 3862 ι
2095 3774 2186 3840 la·

326 3943 337 3963 ι
396 3922 478 3994 (ι)
520 3920 803 3977 aristot-1.
835 3918 1077 3987 metaph.
1113 3916 1165 3970 1.
1195 3917 1253 3986 ῥυ.
1289 3917 1375 3970 25.
1427 3905 1497 3969 «10
1527 3914 1668 3969 idei·
1699 3913 1971 3972 Plutonia
2029 3931 2188 3974 mo.

329 4020 529 4092 λογεῖυ
552 4016 639 4087 ὖςι
662 4020 761 4080 καὶ
782 4014 1120 4092 μεταφορᾶς
1142 4013 1341 4088 λέγειν
1362 4013 1683 4084 ποιητικός.
1738 4016 1819 4089 (a)
1846 4013 2098 4090 ‘rimam
2114 4015 2183 4072 C·
