2900 4817
1359 442 1708 510 —14-...

586 641 844 715 student
885 642 1239 710 occludere.
1327 637 1498 708 Nam
1539 655 1614 706 ut
1645 639 1885 728 frigent
1905 688 1930 727 ‚
1976 639 2090 712 ubi
2130 663 2251 715 nos
2295 640 2489 717 arde?

586 781 731 831 mus
806 760 943 829 veri
1022 778 1233 828 amore
1254 806 1279 843 ‚
1342 758 1621 827 ludibrio
1685 759 1921 831 habent
1994 777 2059 830 et
2121 771 2470 849 ‘'amorem‚‘

584 898 777 968 quem
803 878 1131 965 loquimur
1152 925 1177 962 ‚
1233 891 1299 945 et
1351 876 1557 963 ipsam
1592 876 1946 945 veritatem.
2035 878 2205 949 Esse
2240 875 2484 951 verita-²

570 1017 700 1068 tem
742 983 983 1084 =negant
1006 1043 1030 1079 ,
1114 1011 1305 1080 quam
1368 992 1645 1062 colimus
1724 993 2042 1080 uniceque
2091 1009 2476 1087 propagat·-

576 1133 767 1187 mus:
812 1133 1003 1184 suum
1026 1159 1053 1196 ‚
1119 1114 1341 1199 ajunt,
1385 1110 1666 1195 cuique,
1707 1110 1887 1197 quod
1947 1115 2300 1202 opinatur,
2354 1130 2473 1182 ve-

580 1250 720 1304 rum
773 1251 917 1303 oese
936 1279 961 1316 ,
994 1219 1195 1308 'aliud
1245 1228 1384 1296 aliis
1438 1230 1634 1314 longe
1685 1228 2046 1297 diversum:
2093 1231 2304 1299 colere
2341 1247 2466 1300 nos

574 1353 857 1443 speciem
933 1349 1132 1438 igitur
1153 1397 1180 1433 ,
1243 1345 1415 1414 haud
1477 1346 1737 1433 quidem
1794 1346 2252 1434 spernendam,
2311 1350 2463 1440 pul-

573 1471 900 1542 cer-rimam
959 1470 1116 1538 adeo
1175 1464 1602 1551 omnibusque
1665 1461 2004 1552 perutilem
2024 1511 2051 1548 ‚
2113 1467 2230 1535 sed
2318 1485 2466 1554 spe·

570 1591 734 1660 ciem
767 1604 1001 1659 tamen.
1040 1582 1106 1631 ω
1167 1583 1350 1673 Quae
1390 1583 1553 1671 ipsis
1597 1581 1914 1651 sententia
1944 1583 2040 1651 sic
2068 1585 2277 1670 placet
2299 1631 2324 1668 ,
2366 1584 2465 1654 sic

569 1705 829 1798 probari
885 1703 1215 1774 hominum
1273 1700 1413 1772 vita
1490 1715 1557 1768 et
1632 1701 2088 1770 consuetudine
2160 1702 2416 1772 videtur
2437 1747 2465 1787 ‚

567 1842 644 1897 ut
701 1846 835 1895 eam
887 1837 1149 1910 crepent
1184 1817 1466 1904 ubivis,
1509 1819 1640 1887 imo
1681 1838 1839 1887 vero
1900 1818 1970 1888 in
2013 1839 2112 1888 res
2161 1819 2500 1890 humanas*

571 1943 974 2033 gravissimas
992 1986 1020 2023 ,
1062 1939 1157 2010 in„
1174 1936 1495 2006 civitatem
1548 1938 1983 2007 moderandam
2007 1986 2034 2022 ‚
2114 1936 2183 2006 in
2230 1940 2472 2026 juven-⁴

573 2060 733 2132 tutis
779 2060 935 2127 adeo
978 2055 1445 2126 institutionem
1470 2102 1496 2136 ‚
1559 2074 1687 2140 qua
1738 2054 1899 2122 nihil
1952 2069 2053 2123 est
2090 2056 2161 2127 in
2213 2077 2284 2124 re
2338 2075 2463 2143 pn·

572 2178 741 2247 blica
803 2175 1059 2263 gravius
1080 2222 1105 2257 ,
1171 2171 1619 2241 conferendam
1660 2172 2202 2261 adhibendamque
2239 2173 2462 2244 existi·

568 2307 767 2364 ment.
819 2286 885 2332 ω
959 2291 1330 2361 Ducendam
1393 2308 1537 2358 esse
1606 2289 1910 2357 affirmant
1988 2291 2457 2361 multitudinem

572 2412 709 2482 veri
746 2412 978 2503 specie,
1033 2427 1223 2496 quam
1269 2407 1385 2494 qui
1426 2408 1792 2475 ostenderet
1838 2408 2107 2478 maxime
2160 2410 2461 2498 probabi-

564 2532 700 2600 ‘lem
720 2576 745 2613 ,
769 2531 938 2596 hunc
956 2540 1270 2594 oratorem
1295 2526 1609 2612 optimum
1625 2572 1650 2608 ‚
1673 2525 1789 2610 qui
1822 2524 2160 2595 Informare
2176 2527 2253 2594 ad
2287 2547 2464 2598 sum·-

573 2667 749 2718 mum
766 2645 1042 2716 civitatis
1065 2646 1556 2713 emolumentum
1588 2656 1806 2729 potest
1827 2690 1853 2726 ‚
1894 2643 2208 2731 optimum
2248 2647 2465 2732 appel-

566 2767 702 2834 lant
737 2762 831 2833 rei
868 2762 1162 2851 publicae
1192 2776 1527 2830 rectorem.
1579 2760 1861 2848 Juvenes
1872 2775 2083 2830 autem
2114 2780 2460 2848 generosos

574 2898 823 2953 tantum
861 2882 1038 2950 abest
1061 2927 1088 2964 ,
1129 2894 1225 2948 ut·
1256 2879 1381 2947 rite
1438 2880 1756 2947 excolant·
1778 2892 2094 2964 aptosque
2148 2880 2406 2950 reddant
2429 2927 2457 2964 ,

573 3005 691 3088 qui
740 3015 1033 3086 praeesse
1072 2997 1410 3082 aliquando
1434 3043 1461 3077 ,
1498 3008 1671 3066 certe
1727 2996 2035 3081 prodesse
2067 2996 2459 3082 possint-ci-

572 3117 759 3188 vitati
784 3165 810 3201 ‚
897 3131 976 3183 ut
1014 3133 1126 3182 eos
1178 3125 1586 3199 corrumpant
1637 3114 1850 3198 plane.
1950 3112 2121 3183 Nam
2180 3132 2327 3183 cum
2373 3114 2460 3181 li-

576 3238 795 3305 berare
848 3253 1070 3302 eorum
1110 3232 1357 3300 animos
1399 3243 1730 3317 oporteret
1766 3228 1948 3298 vanis
1982 3231 2464 3322 praejudicatis.

575 3374 702 3440 qne
754 3335 1171 3440 opinionibus
1187 3397 1213 3433 ‚
1262 3367 1397 3434 quo
1439 3366 1662 3415 verum
1707 3361 2126 3432 assequantur
2173 3347 2452 3435 facilius3

576 3490 709 3541 non
776 3472 1045 3539 liberant
1062 3517 1088 3553 ‚
1152 3468 1267 3538 sed
1311 3465 1451 3537 suis
1519 3465 1782 3554 insuper
1845 3464 2259 3554 opinionibus
2334 3486 2464 3556 op-

2249 3586 2458 3671 plent.

650 3773 737 3845 (ι)
773 3768 998 3824 Thenet.
1055 3766 1176 3821 152.
1231 3764 1310 3818 D.
1365 3763 1584 3835 cratyl.
1636 3763 1759 3821 586.
1806 3761 1875 3819 C.
1988 3762 2073 3836 (ς)
2109 3759 2286 3836 0013·
2325 3757 2466 3820 485:

585 3873 655 3926 Α·
727 3887 852 3940 “ttr-
897 3865 973 3921 V·
1032 3865 1101 3918 de
1161 3863 1245 3918 bi·
1307 3863 1590 3920 mmai·
1627 3859 1886 3922 ‹imo-or
1915 3860 2102 3919 Dim.
2159 3863 2221 3922 h
2278 3859 2466 3922 rouzo·

583 3968 725 4028 Pm.
769 3968 950 4039 princ·
977 3983 1033 4035 p.
1079 3963 1165 4020 15.
1205 3980 1328 4036 sqq.
