<?xml version="1.0" encoding="UTF-8"?>
<!DOCTYPE html PUBLIC "-//W3C//DTD XHTML 1.0 Transitional//EN"
    "http://www.w3.org/TR/xhtml1/DTD/xhtml1-transitional.dtd">
<html xmlns="http://www.w3.org/1999/xhtml" xml:lang="en" lang="en">
 <head>
  <title>
</title>
<meta http-equiv="Content-Type" content="text/html;charset=utf-8" />
  <meta name='ocr-system' content='tesseract 3.04.00' />
  <meta name='ocr-capabilities' content='ocr_page ocr_carea ocr_par ocr_line ocrx_word'/>
</head>
<body>
  <div class='ocr_page' id='page_1' title='image "./initiaphilosoph06heusgoog/initiaphilosoph06heusgoog_0057.png"; bbox 0 0 2900 4817; ppageno 0'>
   <div class='ocr_carea' id='block_1_1' title="bbox 1025 492 1366 560">
    <p class='ocr_par' dir='ltr' id='par_1_1' title="bbox 1025 492 1366 560">
     <span class='ocr_line' id='line_1_1' title="bbox 1025 492 1366 560; baseline -0.006 -28"><span class='ocrx_word' id='word_1_1' title='bbox 1025 492 1366 560; x_wconf 73' lang='lat'>-25—</span> 
     </span>
    </p>
   </div>
   <div class='ocr_carea' id='block_1_2' title="bbox 156 659 2148 1914">
    <p class='ocr_par' dir='ltr' id='par_1_2' title="bbox 156 659 2148 1914">
     <span class='ocr_line' id='line_1_2' title="bbox 252 659 2120 742; baseline 0.001 -16"><span class='ocrx_word' id='word_1_2' title='bbox 252 663 548 728; x_wconf 82' lang='lat' dir='ltr'>metricus</span> <span class='ocrx_word' id='word_1_3' title='bbox 606 659 842 728; x_wconf 71' lang='lat' dir='ltr'>etiam?</span> <span class='ocrx_word' id='word_1_4' title='bbox 884 695 976 711; x_wconf 93' lang='lat'>—</span> <span class='ocrx_word' id='word_1_5' title='bbox 1026 661 1116 727; x_wconf 92' lang='lat' dir='ltr'>Et</span> <span class='ocrx_word' id='word_1_6' title='bbox 1166 660 1432 727; x_wconf 79' lang='lat' dir='ltr'>maxime</span> <span class='ocrx_word' id='word_1_7' title='bbox 1473 660 1768 742; x_wconf 87' lang='lat' dir='ltr'>quidem,</span> <span class='ocrx_word' id='word_1_8' title='bbox 1813 679 1856 726; x_wconf 95' lang='lat' dir='ltr'>o</span> <span class='ocrx_word' id='word_1_9' title='bbox 1896 662 2120 728; x_wconf 85' lang='lat' dir='ltr'>Socra·</span> 
     </span>
     <span class='ocr_line' id='line_1_3' title="bbox 256 759 2136 858; baseline 0 -17"><span class='ocrx_word' id='word_1_10' title='bbox 256 791 387 842; x_wconf 85' lang='lat' dir='ltr'>tes.</span> <span class='ocrx_word' id='word_1_11' title='bbox 453 812 541 829; x_wconf 91' lang='lat'>--</span> <span class='ocrx_word' id='word_1_12' title='bbox 610 776 849 841; x_wconf 86' lang='lat' dir='ltr'>Nonne</span> <span class='ocrx_word' id='word_1_13' title='bbox 881 759 1055 840; x_wconf 70' lang='lat' dir='ltr'>&#39;item</span> <span class='ocrx_word' id='word_1_14' title='bbox 1121 771 1536 841; x_wconf 82' lang='lat' dir='ltr'>astronomiae</span> <span class='ocrx_word' id='word_1_15' title='bbox 1572 822 1595 855; x_wconf 91' lang='lat'>,</span> <span class='ocrx_word' id='word_1_16' title='bbox 1655 775 2075 842; x_wconf 79' lang='lat' dir='ltr'>arithmeticae</span> <span class='ocrx_word' id='word_1_17' title='bbox 2096 789 2136 858; x_wconf 78' lang='lat'>,¹</span> 
     </span>
     <span class='ocr_line' id='line_1_4' title="bbox 258 891 2128 975; baseline -0.001 -14"><span class='ocrx_word' id='word_1_18' title='bbox 258 894 577 974; x_wconf 81' lang='lat' dir='ltr'>musicae,</span> <span class='ocrx_word' id='word_1_19' title='bbox 643 892 867 958; x_wconf 88' lang='lat' dir='ltr'>artium</span> <span class='ocrx_word' id='word_1_20' title='bbox 921 892 1178 957; x_wconf 88' lang='lat' dir='ltr'>omnino</span> <span class='ocrx_word' id='word_1_21' title='bbox 1235 891 1516 975; x_wconf 86' lang='lat' dir='ltr'>peritus,</span> <span class='ocrx_word' id='word_1_22' title='bbox 1580 911 1739 973; x_wconf 87' lang='lat' dir='ltr'>quae</span> <span class='ocrx_word' id='word_1_23' title='bbox 1777 894 2128 959; x_wconf 86' lang='lat' dir='ltr'>institutio-</span> 
     </span>
     <span class='ocr_line' id='line_1_5' title="bbox 259 1007 2128 1092; baseline 0.001 -17"><span class='ocrx_word' id='word_1_24' title='bbox 259 1011 362 1075; x_wconf 86' lang='lat' dir='ltr'>nis</span> <span class='ocrx_word' id='word_1_25' title='bbox 423 1025 570 1076; x_wconf 90' lang='lat' dir='ltr'>sunt</span> <span class='ocrx_word' id='word_1_26' title='bbox 623 1008 976 1092; x_wconf 72' lang='lat' dir='ltr'>propriae?</span> <span class='ocrx_word' id='word_1_27' title='bbox 1035 1047 1124 1066; x_wconf 82' lang='lat'>--</span> <span class='ocrx_word' id='word_1_28' title='bbox 1177 1007 1448 1074; x_wconf 90' lang='lat' dir='ltr'>Videtur</span> <span class='ocrx_word' id='word_1_29' title='bbox 1507 1009 1658 1074; x_wconf 91' lang='lat' dir='ltr'>mihi</span> <span class='ocrx_word' id='word_1_30' title='bbox 1712 1010 1984 1092; x_wconf 86' lang='lat' dir='ltr'>quidem.</span> <span class='ocrx_word' id='word_1_31' title='bbox 2030 1047 2128 1066; x_wconf 89' lang='lat'>—</span> 
     </span>
     <span class='ocr_line' id='line_1_6' title="bbox 156 1115 2148 1213; baseline 0.001 -21"><span class='ocrx_word' id='word_1_32' title='bbox 156 1115 167 1124; x_wconf 81' lang='grc'>’</span> <span class='ocrx_word' id='word_1_33' title='bbox 259 1127 532 1213; x_wconf 81' lang='lat' dir='ltr'><strong>Quando</strong></span> <span class='ocrx_word' id='word_1_34' title='bbox 572 1126 761 1210; x_wconf 87' lang='lat' dir='ltr'>igitur</span> <span class='ocrx_word' id='word_1_35' title='bbox 798 1125 861 1190; x_wconf 88' lang='lat' dir='ltr'>in</span> <span class='ocrx_word' id='word_1_36' title='bbox 899 1125 1182 1208; x_wconf 86' lang='lat' dir='ltr'>corporis</span> <span class='ocrx_word' id='word_1_37' title='bbox 1227 1138 1405 1208; x_wconf 88' lang='lat' dir='ltr'>parte</span> <span class='ocrx_word' id='word_1_38' title='bbox 1462 1125 1671 1208; x_wconf 87' lang='lat' dir='ltr'>aliqua</span> <span class='ocrx_word' id='word_1_39' title='bbox 1728 1145 1848 1193; x_wconf 84' lang='lat' dir='ltr'>nos</span> <span class='ocrx_word' id='word_1_40' title='bbox 1891 1127 2148 1195; x_wconf 79' lang='lat' dir='ltr'>similes-</span> 
     </span>
     <span class='ocr_line' id='line_1_7' title="bbox 263 1241 2129 1328; baseline -0.001 -17"><span class='ocrx_word' id='word_1_41' title='bbox 263 1243 416 1311; x_wconf 89' lang='lat' dir='ltr'>dicit</span> <span class='ocrx_word' id='word_1_42' title='bbox 456 1244 589 1310; x_wconf 84' lang='lat' dir='ltr'>sive</span> <span class='ocrx_word' id='word_1_43' title='bbox 641 1243 896 1309; x_wconf 89' lang='lat' dir='ltr'>laudans</span> <span class='ocrx_word' id='word_1_44' title='bbox 942 1242 1080 1308; x_wconf 90' lang='lat' dir='ltr'>sive</span> <span class='ocrx_word' id='word_1_45' title='bbox 1134 1241 1598 1324; x_wconf 85' lang='lat' dir='ltr'>reprehendens</span> <span class='ocrx_word' id='word_1_46' title='bbox 1618 1289 1641 1323; x_wconf 90' lang='lat'>,</span> <span class='ocrx_word' id='word_1_47' title='bbox 1686 1260 1817 1308; x_wconf 88' lang='lat' dir='ltr'>non</span> <span class='ocrx_word' id='word_1_48' title='bbox 1871 1261 2129 1328; x_wconf 79' lang='lat' dir='ltr'>magno-</span> 
     </span>
     <span class='ocr_line' id='line_1_8' title="bbox 264 1358 2138 1448; baseline -0.001 -20"><span class='ocrx_word' id='word_1_49' title='bbox 264 1380 419 1448; x_wconf 85' lang='lat' dir='ltr'><strong>pere</strong></span> <span class='ocrx_word' id='word_1_50' title='bbox 462 1361 521 1428; x_wconf 89' lang='lat' dir='ltr'>ei</span> <span class='ocrx_word' id='word_1_51' title='bbox 580 1360 736 1427; x_wconf 84' lang='lat' dir='ltr'>fides</span> <span class='ocrx_word' id='word_1_52' title='bbox 785 1358 1062 1425; x_wconf 85' lang='lat' dir='ltr'>habenda</span> <span class='ocrx_word' id='word_1_53' title='bbox 1104 1372 1247 1439; x_wconf 80' lang='lat' dir='ltr'>est3</span> <span class='ocrx_word' id='word_1_54' title='bbox 1297 1359 1529 1441; x_wconf 87' lang='lat' dir='ltr'>quodsi</span> <span class='ocrx_word' id='word_1_55' title='bbox 1579 1358 1900 1445; x_wconf 83' lang='lat' dir='ltr'>ingenium</span> <span class='ocrx_word' id='word_1_56' title='bbox 1946 1362 2138 1427; x_wconf 80' lang='lat' dir='ltr'>alter·</span> 
     </span>
     <span class='ocr_line' id='line_1_9' title="bbox 264 1473 2144 1559; baseline -0.001 -13"><span class='ocrx_word' id='word_1_57' title='bbox 264 1479 477 1546; x_wconf 87' lang='lat' dir='ltr'>utrius</span> <span class='ocrx_word' id='word_1_58' title='bbox 535 1499 568 1544; x_wconf 88' lang='lat' dir='ltr'>a</span> <span class='ocrx_word' id='word_1_59' title='bbox 629 1478 869 1544; x_wconf 82' lang='lat' dir='ltr'>virtute</span> <span class='ocrx_word' id='word_1_60' title='bbox 943 1493 1008 1543; x_wconf 87' lang='lat' dir='ltr'>et</span> <span class='ocrx_word' id='word_1_61' title='bbox 1092 1473 1397 1559; x_wconf 78' lang='lat' dir='ltr'>sapientia</span> <span class='ocrx_word' id='word_1_62' title='bbox 1478 1475 1815 1542; x_wconf 81' lang='lat' dir='ltr'>laudaverit</span> <span class='ocrx_word' id='word_1_63' title='bbox 1836 1524 1859 1559; x_wconf 91' lang='lat'>,</span> <span class='ocrx_word' id='word_1_64' title='bbox 1919 1493 2144 1545; x_wconf 75' lang='lat' dir='ltr'>nonne</span> 
     </span>
     <span class='ocr_line' id='line_1_10' title="bbox 264 1593 2136 1678; baseline -0.001 -15"><span class='ocrx_word' id='word_1_65' title='bbox 264 1616 413 1664; x_wconf 85' lang='lat' dir='ltr'>eum</span> <span class='ocrx_word' id='word_1_66' title='bbox 436 1644 460 1678; x_wconf 93' lang='lat'>,</span> <span class='ocrx_word' id='word_1_67' title='bbox 505 1597 615 1678; x_wconf 88' lang='lat' dir='ltr'>qui</span> <span class='ocrx_word' id='word_1_68' title='bbox 674 1597 796 1660; x_wconf 86' lang='lat' dir='ltr'>hoc</span> <span class='ocrx_word' id='word_1_69' title='bbox 864 1593 1142 1673; x_wconf 85' lang='lat' dir='ltr'>audivit,</span> <span class='ocrx_word' id='word_1_70' title='bbox 1194 1593 1510 1658; x_wconf 84' lang='lat' dir='ltr'>laudatum</span> <span class='ocrx_word' id='word_1_71' title='bbox 1579 1593 1757 1658; x_wconf 88' lang='lat' dir='ltr'>illum</span> <span class='ocrx_word' id='word_1_72' title='bbox 1810 1595 2136 1675; x_wconf 85' lang='lat' dir='ltr'>explorare</span> 
     </span>
     <span class='ocr_line' id='line_1_11' title="bbox 269 1685 2148 1799; baseline -0.002 -20"><span class='ocrx_word' id='word_1_73' title='bbox 269 1727 527 1799; x_wconf 87' lang='lat' dir='ltr'>oportet</span> <span class='ocrx_word' id='word_1_74' title='bbox 551 1761 575 1794; x_wconf 96' lang='lat'>,</span> <span class='ocrx_word' id='word_1_75' title='bbox 622 1713 884 1777; x_wconf 79' lang='lat' dir='ltr'>alterum</span> <span class='ocrx_word' id='word_1_76' title='bbox 936 1724 1141 1775; x_wconf 87' lang='lat' dir='ltr'>autem</span> <span class='ocrx_word' id='word_1_77' title='bbox 1184 1710 1432 1775; x_wconf 76' lang='lat' dir='ltr'>deceret</span> <span class='ocrx_word' id='word_1_78' title='bbox 1467 1685 1878 1793; x_wconf 77' lang='lat' dir='ltr'>semetipsum</span> <span class='ocrx_word' id='word_1_79' title='bbox 1920 1722 2148 1776; x_wconf 72' lang='lat' dir='ltr'>osten·</span> 
     </span>
     <span class='ocr_line' id='line_1_12' title="bbox 269 1818 2134 1914; baseline -0.003 -16"><span class='ocrx_word' id='word_1_80' title='bbox 269 1832 423 1898; x_wconf 83' lang='lat' dir='ltr'>dere</span> <span class='ocrx_word' id='word_1_81' title='bbox 477 1828 1056 1914; x_wconf 83' lang='lat' dir='ltr'>explorandumque</span> <span class='ocrx_word' id='word_1_82' title='bbox 1127 1818 1502 1909; x_wconf 53' lang='lat' dir='ltr'>praebere?</span> <span class='ocrx_word' id='word_1_83' title='bbox 1545 1860 1639 1880; x_wconf 90' lang='lat'>·-</span> <span class='ocrx_word' id='word_1_84' title='bbox 1697 1825 2026 1907; x_wconf 88' lang='lat' dir='ltr'>Omnino,</span> <span class='ocrx_word' id='word_1_85' title='bbox 2093 1843 2134 1892; x_wconf 93' lang='lat' dir='ltr'>o</span> 
     </span>
    </p>
   </div>
   <div class='ocr_carea' id='block_1_3' title="bbox 273 1942 2258 2028">
    <p class='ocr_par' dir='ltr' id='par_1_3' title="bbox 273 1942 2258 2028">
     <span class='ocr_line' id='line_1_13' title="bbox 273 1942 2258 2028; baseline -0.004 -12"><span class='ocrx_word' id='word_1_86' title='bbox 273 1948 590 2016; x_wconf 85' lang='lat' dir='ltr'>Socrates.</span> <span class='ocrx_word' id='word_1_87' title='bbox 636 1985 725 1998; x_wconf 91' lang='lat'>—</span> <span class='ocrx_word' id='word_1_88' title='bbox 788 1944 1003 2010; x_wconf 89' lang='lat' dir='ltr'>Tuum</span> <span class='ocrx_word' id='word_1_89' title='bbox 1041 1942 1236 2028; x_wconf 86' lang='lat' dir='ltr'>igitur</span> <span class='ocrx_word' id='word_1_90' title='bbox 1276 1958 1417 2024; x_wconf 86' lang='lat' dir='ltr'>est,</span> <span class='ocrx_word' id='word_1_91' title='bbox 1463 1944 1549 2008; x_wconf 87' lang='lat' dir='ltr'>mi</span> <span class='ocrx_word' id='word_1_92' title='bbox 1593 1943 1978 2026; x_wconf 86' lang='lat' dir='ltr'>Theaetete,</span> <span class='ocrx_word' id='word_1_93' title='bbox 2022 1945 2141 2010; x_wconf 89' lang='lat' dir='ltr'>mi·</span> <span class='ocrx_word' id='word_1_94' title='bbox 2251 2007 2258 2014; x_wconf 80' lang='grc'>,</span> 
     </span>
    </p>
   </div>
   <div class='ocr_carea' id='block_1_4' title="bbox 224 2060 2164 3900">
    <p class='ocr_par' dir='ltr' id='par_1_4' title="bbox 224 2060 2164 3900">
     <span class='ocr_line' id='line_1_14' title="bbox 268 2060 2134 2141; baseline -0.002 -10"><span class='ocrx_word' id='word_1_95' title='bbox 268 2065 344 2131; x_wconf 70' lang='lat' dir='ltr'>lai</span> <span class='ocrx_word' id='word_1_96' title='bbox 384 2078 571 2130; x_wconf 87' lang='lat' dir='ltr'>temet</span> <span class='ocrx_word' id='word_1_97' title='bbox 615 2062 983 2141; x_wconf 76' lang='lat' dir='ltr'>ostendere3</span> <span class='ocrx_word' id='word_1_98' title='bbox 1046 2077 1252 2124; x_wconf 88' lang='lat' dir='ltr'>meum</span> <span class='ocrx_word' id='word_1_99' title='bbox 1290 2073 1494 2126; x_wconf 89' lang='lat' dir='ltr'>autem</span> <span class='ocrx_word' id='word_1_100' title='bbox 1516 2107 1539 2141; x_wconf 90' lang='lat'>,</span> <span class='ocrx_word' id='word_1_101' title='bbox 1601 2074 1668 2126; x_wconf 90' lang='lat' dir='ltr'>te</span> <span class='ocrx_word' id='word_1_102' title='bbox 1718 2060 2134 2128; x_wconf 86' lang='lat' dir='ltr'>considerare.</span> 
     </span>
     <span class='ocr_line' id='line_1_15' title="bbox 270 2178 2136 2259; baseline -0.002 -12"><span class='ocrx_word' id='word_1_103' title='bbox 270 2179 436 2247; x_wconf 87' lang='lat' dir='ltr'>Nam</span> <span class='ocrx_word' id='word_1_104' title='bbox 477 2181 682 2259; x_wconf 78' lang='lat' dir='ltr'>scite,</span> <span class='ocrx_word' id='word_1_105' title='bbox 742 2199 885 2246; x_wconf 86' lang='lat' dir='ltr'>cum</span> <span class='ocrx_word' id='word_1_106' title='bbox 928 2178 1179 2243; x_wconf 81' lang='lat' dir='ltr'>&#39;multos</span> <span class='ocrx_word' id='word_1_107' title='bbox 1220 2196 1321 2243; x_wconf 92' lang='lat' dir='ltr'>me</span> <span class='ocrx_word' id='word_1_108' title='bbox 1384 2197 1592 2259; x_wconf 84' lang='lat' dir='ltr'>coram</span> <span class='ocrx_word' id='word_1_109' title='bbox 1650 2179 2031 2245; x_wconf 88' lang='lat' dir='ltr'>Theodorus</span> <span class='ocrx_word' id='word_1_110' title='bbox 2070 2192 2136 2245; x_wconf 90' lang='lat' dir='ltr'>et</span> 
     </span>
     <span class='ocr_line' id='line_1_16' title="bbox 268 2296 2140 2383; baseline -0.003 -17"><span class='ocrx_word' id='word_1_111' title='bbox 268 2299 564 2383; x_wconf 88' lang='lat' dir='ltr'>hospites</span> <span class='ocrx_word' id='word_1_112' title='bbox 604 2312 667 2363; x_wconf 90' lang='lat' dir='ltr'>et</span> <span class='ocrx_word' id='word_1_113' title='bbox 704 2297 872 2362; x_wconf 88' lang='lat' dir='ltr'>cives</span> <span class='ocrx_word' id='word_1_114' title='bbox 920 2296 1303 2377; x_wconf 85' lang='lat' dir='ltr'>laudaverit,</span> <span class='ocrx_word' id='word_1_115' title='bbox 1346 2296 1657 2363; x_wconf 89' lang='lat' dir='ltr'>neminem</span> <span class='ocrx_word' id='word_1_116' title='bbox 1701 2315 1843 2362; x_wconf 89' lang='lat' dir='ltr'>eum</span> <span class='ocrx_word' id='word_1_117' title='bbox 1900 2309 2140 2361; x_wconf 85' lang='lat' dir='ltr'>tantum</span> 
     </span>
     <span class='ocr_line' id='line_1_17' title="bbox 269 2412 2154 2495; baseline 0 -14"><span class='ocrx_word' id='word_1_118' title='bbox 269 2415 603 2495; x_wconf 83' lang='lat' dir='ltr'>laudasse,</span> <span class='ocrx_word' id='word_1_119' title='bbox 649 2428 947 2495; x_wconf 80' lang='lat' dir='ltr'>quantum</span> <span class='ocrx_word' id='word_1_120' title='bbox 1010 2431 1179 2479; x_wconf 83' lang='lat' dir='ltr'>nunc</span> <span class='ocrx_word' id='word_1_121' title='bbox 1236 2412 1488 2495; x_wconf 90' lang='lat' dir='ltr'>quidem</span> <span class='ocrx_word' id='word_1_122' title='bbox 1532 2431 1618 2478; x_wconf 88' lang='lat' dir='ltr'>te.</span> <span class='ocrx_word' id='word_1_123' title='bbox 1678 2449 1771 2466; x_wconf 89' lang='lat'><strong>—</strong></span> <span class='ocrx_word' id='word_1_124' title='bbox 1808 2414 2034 2481; x_wconf 91' lang='lat' dir='ltr'>Pulcre</span> <span class='ocrx_word' id='word_1_125' title='bbox 2072 2432 2154 2481; x_wconf 82' lang='lat' dir='ltr'>se</span> 
     </span>
     <span class='ocr_line' id='line_1_18' title="bbox 272 2530 2141 2613; baseline -0.002 -14"><span class='ocrx_word' id='word_1_126' title='bbox 272 2551 376 2599; x_wconf 87' lang='lat' dir='ltr'>res</span> <span class='ocrx_word' id='word_1_127' title='bbox 416 2531 711 2610; x_wconf 88' lang='lat' dir='ltr'>haberet,</span> <span class='ocrx_word' id='word_1_128' title='bbox 777 2548 817 2594; x_wconf 96' lang='lat' dir='ltr'>o</span> <span class='ocrx_word' id='word_1_129' title='bbox 856 2530 1187 2610; x_wconf 57' lang='lat' dir='ltr'>Socrates»,</span> <span class='ocrx_word' id='word_1_130' title='bbox 1255 2530 1340 2595; x_wconf 88' lang='lat' dir='ltr'>ita</span> <span class='ocrx_word' id='word_1_131' title='bbox 1405 2530 1461 2595; x_wconf 82' lang='lat' dir='ltr'>si</span> <span class='ocrx_word' id='word_1_132' title='bbox 1525 2544 1733 2611; x_wconf 81' lang='lat' dir='ltr'>esset3</span> <span class='ocrx_word' id='word_1_133' title='bbox 1791 2531 1902 2598; x_wconf 89' lang='lat' dir='ltr'>sed</span> <span class='ocrx_word' id='word_1_134' title='bbox 1947 2531 2093 2598; x_wconf 88' lang='lat' dir='ltr'>vide</span> <span class='ocrx_word' id='word_1_135' title='bbox 2115 2577 2141 2613; x_wconf 91' lang='lat'>,</span> 
     </span>
     <span class='ocr_line' id='line_1_19' title="bbox 224 2646 2147 2742; baseline -0.002 -25"><span class='ocrx_word' id='word_1_136' title='bbox 224 2649 587 2742; x_wconf 76' lang='lat' dir='ltr'>-numquid</span> <span class='ocrx_word' id='word_1_137' title='bbox 651 2666 767 2731; x_wconf 90' lang='lat' dir='ltr'>per</span> <span class='ocrx_word' id='word_1_138' title='bbox 820 2649 1031 2731; x_wconf 87' lang='lat' dir='ltr'>jocum</span> <span class='ocrx_word' id='word_1_139' title='bbox 1099 2646 1165 2711; x_wconf 91' lang='lat' dir='ltr'>id</span> <span class='ocrx_word' id='word_1_140' title='bbox 1218 2646 1467 2712; x_wconf 81' lang='lat' dir='ltr'>dixerit.</span> <span class='ocrx_word' id='word_1_141' title='bbox 1528 2683 1621 2700; x_wconf 92' lang='lat'>—</span> <span class='ocrx_word' id='word_1_142' title='bbox 1681 2647 1835 2713; x_wconf 92' lang='lat' dir='ltr'>Non</span> <span class='ocrx_word' id='word_1_143' title='bbox 1895 2648 1994 2713; x_wconf 89' lang='lat' dir='ltr'>hic</span> <span class='ocrx_word' id='word_1_144' title='bbox 2048 2667 2147 2713; x_wconf 86' lang='lat' dir='ltr'>sa-</span> 
     </span>
     <span class='ocr_line' id='line_1_20' title="bbox 274 2763 2144 2845; baseline -0.003 -12"><span class='ocrx_word' id='word_1_145' title='bbox 274 2787 359 2833; x_wconf 88' lang='lat' dir='ltr'>ne</span> <span class='ocrx_word' id='word_1_146' title='bbox 436 2784 577 2831; x_wconf 87' lang='lat' dir='ltr'>mos</span> <span class='ocrx_word' id='word_1_147' title='bbox 678 2778 779 2831; x_wconf 90' lang='lat' dir='ltr'>est</span> <span class='ocrx_word' id='word_1_148' title='bbox 867 2764 1240 2845; x_wconf 81' lang='lat' dir='ltr'>Theodori3</span> <span class='ocrx_word' id='word_1_149' title='bbox 1330 2764 1444 2829; x_wconf 85' lang='lat' dir='ltr'>sed</span> <span class='ocrx_word' id='word_1_150' title='bbox 1513 2781 1674 2844; x_wconf 88' lang='lat' dir='ltr'>quae</span> <span class='ocrx_word' id='word_1_151' title='bbox 1734 2763 2144 2843; x_wconf 86' lang='lat' dir='ltr'>concessisti,</span> 
     </span>
     <span class='ocr_line' id='line_1_21' title="bbox 272 2878 2149 2964; baseline -0.001 -16"><span class='ocrx_word' id='word_1_152' title='bbox 272 2899 352 2948; x_wconf 92' lang='lat' dir='ltr'>tu</span> <span class='ocrx_word' id='word_1_153' title='bbox 412 2900 493 2948; x_wconf 90' lang='lat' dir='ltr'>ne</span> <span class='ocrx_word' id='word_1_154' title='bbox 556 2878 978 2963; x_wconf 85' lang='lat' dir='ltr'>subterfugias</span> <span class='ocrx_word' id='word_1_155' title='bbox 998 2927 1020 2961; x_wconf 93' lang='lat'>,</span> <span class='ocrx_word' id='word_1_156' title='bbox 1089 2895 1458 2961; x_wconf 83' lang='lat' dir='ltr'>praetexens</span> <span class='ocrx_word' id='word_1_157' title='bbox 1517 2899 1634 2962; x_wconf 91' lang='lat' dir='ltr'>per</span> <span class='ocrx_word' id='word_1_158' title='bbox 1688 2881 1900 2964; x_wconf 81' lang='lat' dir='ltr'>jocum</span> <span class='ocrx_word' id='word_1_159' title='bbox 1969 2880 2149 2947; x_wconf 86' lang='lat' dir='ltr'>illum</span> 
     </span>
     <span class='ocr_line' id='line_1_22' title="bbox 268 2995 2152 3081; baseline -0.001 -17"><span class='ocrx_word' id='word_1_160' title='bbox 268 2999 404 3064; x_wconf 84' lang='lat' dir='ltr'>hoc</span> <span class='ocrx_word' id='word_1_161' title='bbox 465 2998 746 3076; x_wconf 82' lang='lat' dir='ltr'>dixisse,</span> <span class='ocrx_word' id='word_1_162' title='bbox 809 3015 890 3062; x_wconf 90' lang='lat' dir='ltr'>ne</span> <span class='ocrx_word' id='word_1_163' title='bbox 961 2996 1175 3063; x_wconf 81' lang='lat' dir='ltr'>testari</span> <span class='ocrx_word' id='word_1_164' title='bbox 1253 3009 1561 3081; x_wconf 81' lang='lat' dir='ltr'>cogatur:</span> <span class='ocrx_word' id='word_1_165' title='bbox 1641 3015 1783 3061; x_wconf 86' lang='lat' dir='ltr'>nam</span> <span class='ocrx_word' id='word_1_166' title='bbox 1867 2996 1978 3079; x_wconf 90' lang='lat' dir='ltr'>qui</span> <span class='ocrx_word' id='word_1_167' title='bbox 2034 2995 2152 3066; x_wconf 83' lang='lat' dir='ltr'>fal-</span> 
     </span>
     <span class='ocr_line' id='line_1_23' title="bbox 276 3112 2154 3199; baseline 0 -18"><span class='ocrx_word' id='word_1_168' title='bbox 276 3116 340 3182; x_wconf 84' lang='lat' dir='ltr'>si</span> <span class='ocrx_word' id='word_1_169' title='bbox 422 3133 564 3180; x_wconf 89' lang='lat' dir='ltr'>eum</span> <span class='ocrx_word' id='word_1_170' title='bbox 648 3113 988 3179; x_wconf 62' lang='lat' dir='ltr'>testimonii</span> <span class='ocrx_word' id='word_1_171' title='bbox 1065 3128 1357 3194; x_wconf 90' lang='lat' dir='ltr'>accuset,</span> <span class='ocrx_word' id='word_1_172' title='bbox 1423 3112 1540 3178; x_wconf 88' lang='lat' dir='ltr'>erit</span> <span class='ocrx_word' id='word_1_173' title='bbox 1604 3113 1861 3179; x_wconf 78' lang='lat' dir='ltr'>omnIno</span> <span class='ocrx_word' id='word_1_174' title='bbox 1917 3134 2102 3182; x_wconf 86' lang='lat' dir='ltr'>nemo</span> <span class='ocrx_word' id='word_1_175' title='bbox 2119 3138 2154 3199; x_wconf 54' lang='lat'>31</span> 
     </span>
     <span class='ocr_line' id='line_1_24' title="bbox 275 3215 2156 3319; baseline 0.001 -21"><span class='ocrx_word' id='word_1_176' title='bbox 275 3232 394 3299; x_wconf 81' lang='lat' dir='ltr'>sed</span> <span class='ocrx_word' id='word_1_177' title='bbox 448 3249 609 3315; x_wconf 87' lang='lat' dir='ltr'>age,</span> <span class='ocrx_word' id='word_1_178' title='bbox 675 3231 741 3295; x_wconf 87' lang='lat' dir='ltr'>in</span> <span class='ocrx_word' id='word_1_179' title='bbox 783 3229 1105 3296; x_wconf 85' lang='lat' dir='ltr'>concessis</span> <span class='ocrx_word' id='word_1_180' title='bbox 1149 3231 1439 3314; x_wconf 87' lang='lat' dir='ltr'>persiste.</span> <span class='ocrx_word' id='word_1_181' title='bbox 1498 3269 1585 3284; x_wconf 77' lang='lat'>--</span> <span class='ocrx_word' id='word_1_182' title='bbox 1640 3215 1714 3296; x_wconf 86' lang='lat' dir='ltr'>Id</span> <span class='ocrx_word' id='word_1_183' title='bbox 1766 3251 1922 3298; x_wconf 83' lang='lat' dir='ltr'>vero</span> <span class='ocrx_word' id='word_1_184' title='bbox 1964 3249 2156 3319; x_wconf 87' lang='lat' dir='ltr'>agen-</span> 
     </span>
     <span class='ocr_line' id='line_1_25' title="bbox 279 3343 2154 3434; baseline 0.001 -19"><span class='ocrx_word' id='word_1_185' title='bbox 279 3350 437 3415; x_wconf 89' lang='lat' dir='ltr'>dum</span> <span class='ocrx_word' id='word_1_186' title='bbox 457 3395 482 3428; x_wconf 90' lang='lat'>,</span> <span class='ocrx_word' id='word_1_187' title='bbox 543 3349 598 3414; x_wconf 88' lang='lat' dir='ltr'>si</span> <span class='ocrx_word' id='word_1_188' title='bbox 654 3344 737 3413; x_wconf 83' lang='lat' dir='ltr'>ita</span> <span class='ocrx_word' id='word_1_189' title='bbox 797 3347 910 3412; x_wconf 86' lang='lat' dir='ltr'>tibi</span> <span class='ocrx_word' id='word_1_190' title='bbox 966 3347 1236 3413; x_wconf 83' lang='lat' dir='ltr'>videtur.</span> <span class='ocrx_word' id='word_1_191' title='bbox 1283 3343 1346 3388; x_wconf 70' lang='lat'>(¹)</span> <span class='ocrx_word' id='word_1_192' title='bbox 1417 3348 1673 3434; x_wconf 89' lang='lat' dir='ltr'>Quibus</span> <span class='ocrx_word' id='word_1_193' title='bbox 1724 3349 1912 3418; x_wconf 83' lang='lat' dir='ltr'>dictis</span> <span class='ocrx_word' id='word_1_194' title='bbox 1930 3397 1955 3431; x_wconf 95' lang='lat'>,</span> <span class='ocrx_word' id='word_1_195' title='bbox 2023 3367 2154 3433; x_wconf 90' lang='lat' dir='ltr'>quo</span> 
     </span>
     <span class='ocr_line' id='line_1_26' title="bbox 278 3445 2155 3549; baseline 0.002 -19"><span class='ocrx_word' id='word_1_196' title='bbox 278 3445 485 3549; x_wconf 81' lang='lat' dir='ltr'>magis</span> <span class='ocrx_word' id='word_1_197' title='bbox 551 3483 624 3530; x_wconf 90' lang='lat' dir='ltr'>se</span> <span class='ocrx_word' id='word_1_198' title='bbox 679 3466 878 3547; x_wconf 87' lang='lat' dir='ltr'>palam</span> <span class='ocrx_word' id='word_1_199' title='bbox 944 3464 1232 3530; x_wconf 88' lang='lat' dir='ltr'>ostendat</span> <span class='ocrx_word' id='word_1_200' title='bbox 1294 3465 1656 3531; x_wconf 82' lang='lat' dir='ltr'>adolescens</span> <span class='ocrx_word' id='word_1_201' title='bbox 1682 3513 1707 3546; x_wconf 94' lang='lat'>,</span> <span class='ocrx_word' id='word_1_202' title='bbox 1753 3445 1945 3549; x_wconf 80' lang='lat' dir='ltr'>&#39;rogat</span> <span class='ocrx_word' id='word_1_203' title='bbox 1981 3484 2155 3533; x_wconf 88' lang='lat' dir='ltr'>-eum</span> 
     </span>
     <span class='ocr_line' id='line_1_27' title="bbox 292 3580 2157 3666; baseline 0 -17"><span class='ocrx_word' id='word_1_204' title='bbox 292 3582 592 3649; x_wconf 81' lang='lat' dir='ltr'>Socrates</span> <span class='ocrx_word' id='word_1_205' title='bbox 614 3628 637 3662; x_wconf 89' lang='lat'>,</span> <span class='ocrx_word' id='word_1_206' title='bbox 680 3580 991 3663; x_wconf 89' lang='lat' dir='ltr'>numquid</span> <span class='ocrx_word' id='word_1_207' title='bbox 1038 3581 1117 3647; x_wconf 88' lang='lat' dir='ltr'>de</span> <span class='ocrx_word' id='word_1_208' title='bbox 1162 3582 1499 3665; x_wconf 86' lang='lat' dir='ltr'>geometria</span> <span class='ocrx_word' id='word_1_209' title='bbox 1517 3630 1541 3663; x_wconf 86' lang='lat'>,</span> <span class='ocrx_word' id='word_1_210' title='bbox 1603 3582 1692 3646; x_wconf 88' lang='lat' dir='ltr'>de·</span> <span class='ocrx_word' id='word_1_211' title='bbox 1738 3583 2157 3666; x_wconf 87' lang='lat' dir='ltr'>astronomia,</span> 
     </span>
     <span class='ocr_line' id='line_1_28' title="bbox 279 3697 2160 3782; baseline 0 -15"><span class='ocrx_word' id='word_1_212' title='bbox 279 3701 367 3767; x_wconf 88' lang='lat' dir='ltr'>de</span> <span class='ocrx_word' id='word_1_213' title='bbox 408 3697 769 3779; x_wconf 85' lang='lat' dir='ltr'>harmonia,</span> <span class='ocrx_word' id='word_1_214' title='bbox 814 3700 893 3763; x_wconf 90' lang='lat' dir='ltr'>de</span> <span class='ocrx_word' id='word_1_215' title='bbox 930 3712 1065 3765; x_wconf 90' lang='lat' dir='ltr'>arte</span> <span class='ocrx_word' id='word_1_216' title='bbox 1109 3699 1551 3782; x_wconf 87' lang='lat' dir='ltr'>supputatoria</span> <span class='ocrx_word' id='word_1_217' title='bbox 1593 3719 1630 3764; x_wconf 87' lang='lat' dir='ltr'>a</span> <span class='ocrx_word' id='word_1_218' title='bbox 1677 3699 2023 3766; x_wconf 88' lang='lat' dir='ltr'>Theodoro</span> <span class='ocrx_word' id='word_1_219' title='bbox 2064 3702 2160 3768; x_wconf 89' lang='lat' dir='ltr'>di-</span> 
     </span>
     <span class='ocr_line' id='line_1_29' title="bbox 276 3815 2164 3900; baseline 0 -17"><span class='ocrx_word' id='word_1_220' title='bbox 276 3817 531 3883; x_wconf 85' lang='lat' dir='ltr'>dicerit.</span> <span class='ocrx_word' id='word_1_221' title='bbox 618 3816 734 3881; x_wconf 87' lang='lat' dir='ltr'>Ille</span> <span class='ocrx_word' id='word_1_222' title='bbox 795 3833 948 3881; x_wconf 89' lang='lat' dir='ltr'>vero</span> <span class='ocrx_word' id='word_1_223' title='bbox 1009 3831 1133 3881; x_wconf 88' lang='lat' dir='ltr'>tam</span> <span class='ocrx_word' id='word_1_224' title='bbox 1189 3816 1381 3882; x_wconf 89' lang='lat' dir='ltr'>simul</span> <span class='ocrx_word' id='word_1_225' title='bbox 1440 3833 1504 3883; x_wconf 87' lang='lat' dir='ltr'>et</span> <span class='ocrx_word' id='word_1_226' title='bbox 1555 3815 1826 3900; x_wconf 85' lang='lat' dir='ltr'>ingenue</span> <span class='ocrx_word' id='word_1_227' title='bbox 1873 3831 1938 3883; x_wconf 90' lang='lat' dir='ltr'>et</span> <span class='ocrx_word' id='word_1_228' title='bbox 1987 3836 2164 3883; x_wconf 87' lang='lat' dir='ltr'>vere-</span> 
     </span>
    </p>
   </div>
   <div class='ocr_carea' id='block_1_5' title="bbox 284 3932 2165 4020">
    <p class='ocr_par' dir='ltr' id='par_1_5' title="bbox 284 3932 2165 4020">
     <span class='ocr_line' id='line_1_30' title="bbox 284 3932 2165 4020; baseline 0.001 -18"><span class='ocrx_word' id='word_1_229' title='bbox 284 3932 505 4002; x_wconf 89' lang='lat' dir='ltr'>cunde</span> <span class='ocrx_word' id='word_1_230' title='bbox 551 3932 919 4015; x_wconf 84' lang='lat' dir='ltr'>placideque</span> <span class='ocrx_word' id='word_1_231' title='bbox 981 3934 1316 4014; x_wconf 87' lang='lat' dir='ltr'>respondet</span> <span class='ocrx_word' id='word_1_232' title='bbox 1339 3978 1365 4017; x_wconf 93' lang='lat'>,</span> <span class='ocrx_word' id='word_1_233' title='bbox 1409 3947 1525 4016; x_wconf 90' lang='lat' dir='ltr'>ut,</span> <span class='ocrx_word' id='word_1_234' title='bbox 1571 3951 1733 4020; x_wconf 87' lang='lat' dir='ltr'>quae</span> <span class='ocrx_word' id='word_1_235' title='bbox 1783 3933 1862 4000; x_wconf 90' lang='lat' dir='ltr'>de</span> <span class='ocrx_word' id='word_1_236' title='bbox 1905 3951 1984 3999; x_wconf 89' lang='lat' dir='ltr'>eo</span> <span class='ocrx_word' id='word_1_237' title='bbox 2021 3947 2165 4004; x_wconf 88' lang='lat' dir='ltr'>ante</span> 
     </span>
    </p>
   </div>
   <div class='ocr_carea' id='block_1_6' title="bbox 355 4044 2164 4206">
    <p class='ocr_par' dir='ltr' id='par_1_6' title="bbox 355 4044 2164 4206">
     <span class='ocr_line' id='line_1_31' title="bbox 355 4044 2164 4206; baseline -0.008 -18"><span class='ocrx_word' id='word_1_238' title='bbox 355 4133 442 4206; x_wconf 83' lang='lat'>(1)</span> <span class='ocrx_word' id='word_1_239' title='bbox 483 4129 708 4189; x_wconf 66' lang='grc' dir='ltr'>Τιιωοι.</span> <span class='ocrx_word' id='word_1_240' title='bbox 750 4130 850 4187; x_wconf 80' lang='lat'>145</span> <span class='ocrx_word' id='word_1_241' title='bbox 888 4132 958 4184; x_wconf 75' lang='lat' dir='ltr'>A·</span> <span class='ocrx_word' id='word_1_242' title='bbox 996 4130 1056 4184; x_wconf 84' lang='lat' dir='ltr'>B.</span> <span class='ocrx_word' id='word_1_243' title='bbox 1092 4131 1159 4187; x_wconf 78' lang='lat' dir='ltr'>c,</span> <span class='ocrx_word' id='word_1_244' title='bbox 2027 4044 2164 4116; x_wconf 80' lang='lat' dir='ltr'>fue-</span> 
     </span>
    </p>
   </div>
  </div>
 </body>
</html>
