2900 4817
1442 503 1795 553 ...22-

671 670 988 758 publicam
1039 665 1377 754 perfectam
1402 713 1428 746 ‚
1487 663 1625 735 sive
1678 663 1894 737 fictam,
1919 682 1958 733 a
1997 662 2260 737 Platone
2295 648 2548 735 civilius

672 791 809 858 suis
841 807 1123 871 suaeque
1156 785 1538 870 reipublicae
1593 783 2120 853 accommodaret.
2204 780 2386 853 Illud,
2410 802 2558 853 ora·

673 912 834 977 toris
877 920 1014 981 ests
1063 920 1139 972 et.
1168 903 1388 971 habuit
1442 903 1907 975 Demosthenes
1961 914 2194 969 tantam
2231 897 2564 973 adforen-

673 1034 811 1094 sem
853 1022 1275 1108 eloquentiam
1332 1020 1644 1102 indolem,
1689 1033 1980 1101 quantam
2038 1033 2412 1100 oratorum,
2446 1017 2564 1100 qui

677 1160 997 1226 umquam.
1038 1139 1336 1221 fuerunt,
1390 1137 1576 1205 focile
1631 1156 1863 1204 nemo:
1913 1138 2033 1205 hoc
2082 1154 2233 1205 vero
2271 1150 2373 1205 est
2415 1136 2564 1225 phi·

675 1259 930 1348 Iosophi.
1032 1257 1311 1325 Tantum
1374 1273 1582 1322 autem
1646 1253 1898 1336 abfuit,
1967 1271 2037 1321 ut
2103 1254 2226 1321 hoe
2277 1254 2562 1325 studium

675 1375 1122 1465 philosophiae
1192 1372 1425 1441 Cicero
1498 1373 1776 1459 legendis
1846 1371 2323 1454 scribendisque
2384 1369 2562 1443 libris

683 1494 1077 1580 privatisque
1120 1490 1526 1560 sermonibus
1585 1492 1914 1575 expleret,
2000 1505 2116 1572 ut,
2190 1509 2382 1573 quam
2439 1488 2588 1574 pri·-

686 1631 881 1681 mum.
909 1613 1061 1677 hoc·
1104 1610 1228 1695 ipsi
1291 1611 1466 1678 bona
1521 1628 1666 1676 cum
1744 1609 1982 1677 civium
2036 1607 2236 1695 gratia
2301 1608 2566 1692 liceret,

683 1729 753 1797 in
808 1730 1071 1809 sonum,
1114 1743 1286 1794 certe
1338 1728 1417 1794 ad
1475 1726 1752 1793 tribunal
1778 1773 1802 1809 ,
1864 1726 2238 1811 produxerit
2280 1725 2571 1812 philoso-

683 1851 922 1935 phiam.
1051 1845 1218 1913 Nam
1285 1844 1656 1931 priusquam
1721 1845 1841 1912 hos
1915 1845 2260 1929 scripserat
2319 1844 2520 1913 libros
2543 1890 2569 1924 ‚

686 1940 831 2033 eum
868 1965 1135 2032 floreret·
1162 1963 1416 2049 ingenio
1459 1963 1724 2031 maxime
1759 1978 1825 2030 et
1868 1968 2093 2047 pectus
2132 1963 2391 2030 haberet
2435 1963 2575 2031 Pla-

690 2083 865 2151 touis
921 2081 1259 2164 refertum,
1326 2082 1487 2149 dixit
1526 2083 1603 2148 ad
1657 2083 1905 2167 judices
1966 2062 2097 2168 pro⁵
2142 2078 2380 2148 Archia
2417 2085 2576 2164 poe-

688 2206 802 2281 ta:
850 2223 975 2287 qua
1033 2198 1321 2270 oratione
1361 2217 1436 2268 ut
1498 2201 1658 2267 nihil
1715 2220 2013 2283 umquam
2051 2199 2300 2299 peperit
2357 2197 2574 2265 fioren-

683 2320 775 2388 sis
828 2321 1193 2404 eloquentia
1233 2319 1514 2386 limatius
1533 2365 1557 2401 ,
1601 2319 1946 2405 elegantius
1969 2364 1992 2401 ,
2057 2318 2257 2402 ipsam
2317 2317 2574 2385 urbani·

686 2451 877 2505 tatem
930 2437 1207 2503 Atticam
1271 2436 1518 2521 spirans
1584 2437 1826 2519 magis,
1910 2436 1997 2503 ita
2053 2438 2303 2502 nullum
2367 2451 2586 2505 exstat

688 2552 1026 2620 Ciceronis
1069 2552 1423 2635 scriptum,
1469 2571 1600 2634 quo
1660 2569 1724 2619 et
1767 2551 2113 2636 prodiderit
2151 2553 2348 2638 magis
2389 2553 2590 2621 indo·.

689 2674 812 2739 lem
863 2689 1053 2740 suam.
1098 2671 1176 2737 ad
1234 2670 1752 2756 philosophiam,
1814 2686 1879 2736 et
1931 2664 2384 2755 philosophiae
2437 2672 2596 2745 Plae-

696 2790 943 2857 tonicae
1005 2790 1133 2856 vim
1157 2836 1182 2872 ,
1224 2824 1231 2831 ·
1268 2789 1613 2856 ubertatem
1635 2837 1662 2871 ‚
1748 2807 1893 2856 cum
1953 2790 2127 2855 omni
2189 2791 2582 2859 humanitate
2645 2848 2652 2855 .

695 2909 1249 2996 conjunctionem,
1293 2908 1672 2992 expresserit
1727 2890 2005 2991 plenius.
2093 2908 2402 2993 Legimus
2456 2926 2590 2975 nne.

695 3030 855 3095 hanc
912 3027 1260 3094 orationem
1306 3047 1341 3093 a
1383 3031 1597 3095 tenera
1650 3042 1850 3093 aetate
1909 3022 1975 3093 et
2021 3026 2396 3093 edidicimus
2455 3025 2590 3094 fer-2

698 3164 849 3229 me,
894 3160 959 3213 et
1022 3146 1113 3211 sic
1151 3160 1305 3212 sunt
1343 3147 1735 3227 sententiae,
1779 3144 2024 3230 quihus
2071 3146 2390 3228 abundat,
2436 3164 2588 3231 per·

695 3268 1030 3352 vulgatae,
1077 3278 1149 3329 ut
1192 3260 1318 3330 ‘vix
1358 3283 1465 3331 eas
1510 3268 1824 3331 soleamus
1879 3266 2223 3334 attendere.
2323 3266 2594 3354 Quodsi,

695 3384 843 3467 quis
890 3401 1107 3450 recens
1163 3402 1201 3448 a
1247 3382 1573 3465 Platonis,
1637 3402 1672 3449 a
1729 3383 1998 3450 Phaedri
2062 3384 2404 3470 praecipue
2455 3382 2592 3451 dia-

694 3500 826 3585 logi
877 3499 1151 3569 lectione
1171 3548 1196 3582 ,
1233 3501 1447 3568 subito
1505 3500 1573 3568 in
1629 3501 1798 3568 illam
1847 3494 2139 3570 inciderit
2162 3552 2186 3585 ‚
2233 3504 2586 3590 legeritque

695 3634 877 3696 eam,
968 3637 1103 3685 non
1152 3633 1227 3684 ut
1285 3617 1494 3685 tritam
1550 3620 1778 3704 puerili
1827 3621 2234 3688 institutione
2284 3622 2586 3689 declama-

691 3732 967 3815 tionem,
1012 3734 1127 3801 sed
1168 3751 1237 3802 ut
1289 3742 1632 3803 orationem
1660 3783 1684 3819 ‚
1747 3753 1821 3804 ut
1870 3757 2001 3805 eam
2048 3740 2385 3806 Ciceronis
2443 3757 2584 3805 ora-

694 3851 933 3919 tionem
954 3899 979 3933 ,
1025 3870 1151 3934 qua
1206 3852 1477 3936 primum
1537 3854 1685 3935 ille,
1747 3874 1907 3939 quae
1961 3856 2195 3923 tamdiu
2248 3855 2586 3929 continue-

694 3983 791 4039 rat
818 3969 1024 4036 animo
1077 3970 1548 4055 aegerrimeque
1580 3988 2085 4056 compresserat,
2131 3974 2386 4059 publice
2427 3994 2580 4065 pro-

687 4086 983 4171 funderet
1042 4088 1323 4174 tandem,
1372 4088 1558 4159 mirer
1619 4092 1986 4176 equidem-,-
2009 4092 2066 4159 si
2117 4092 2180 4173 is
2237 4086 2608 4174 Phaedrum

2459 4228 2592 4280 non
