2900 4817
1505 489 1851 555 ...ιε-

767 661 919 751 quid
950 659 1125 735 'vitae
1162 666 1576 750 perniciosius
1596 713 1621 747 .,
1668 666 1818 748 quid
1877 666 2065 734 rebus
2126 655 2355 735 divinis
2413 659 2630 736 huma·

767 786 996 866 nisque
1061 785 1376 870 indignius
1435 783 1702 867 potest?
1788 782 1907 849 His
1968 782 2158 867 igitur
2213 784 2576 854 hominibus
2603 827 2629 868 ,

763 903 914 968 haec
974 900 1162 965 nobis
1228 900 1490 982 placita,
1553 901 1703 966 haec
1762 902 1926 966 dictu
1980 900 2168 983 impia
2226 902 2477 985 inipso
2524 904 2630 969 iti-

762 1019 931 1086 neris
986 1019 1192 1085 nostri
1245 1017 1641 1102 ingressione
1694 1016 2156 1102 objectantibus
2176 1063 2200 1099 ‚
2247 1016 2402 1100 quid
2443 1017 2636 1087 facie-

765 1133 958 1203 mus?
1003 1136 1298 1217 Scilicet,
1341 1138 1561 1202 nostra
1599 1151 1720 1226 nos
1764 1135 1870 1201 via
1894 1179 1917 1215 ‚
1959 1147 2035 1199 ut
2073 1134 2436 1217 coepimus,
2479 1147 2634 1218 pro·

766 1233 1117 1337 grediernu‘r
1156 1252 1433 1334 placide,
1499 1269 1617 1317 nec
1677 1252 1925 1317 illorum
1992 1250 2433 1336 impugnantes
2485 1271 2631 1320 sen·

762 1369 1057 1451 tentiam,
1097 1387 1212 1434 nec
1245 1387 1397 1435 vero
1437 1380 1907 1453 propugnantes
1946 1381 2227 1434 nostram
2254 1413 2277 1450 ‚
2303 1369 2416 1436 sed
2438 1388 2629 1453 quae·

766 1499 978 1551 rentes
997 1533 1021 1568 ,
1077 1486 1472 1569 explorantes
1496 1533 1520 1568 ,
1582 1486 1639 1552 si
1700 1484 1908 1568 forte,
1991 1500 2065 1552 ut
2128 1488 2413 1569 pulcrum
2474 1505 2632 1554 con·

765 1603 984 1686 spicati
1044 1622 1264 1669 sumus
1292 1645 1316 1684 ,
1373 1602 1459 1670 ita
1509 1601 1736 1679 veritas
1794 1602 1982 1668 nobis
2035 1602 2265 1668 alicubi
2311 1618 2625 1687 appareat.

766 1713 943 1785 Num
1006 1720 1203 1800 illud,
1269 1722 1440 1802 quod
1524 1720 1922 1801 quaerimus,
1996 1721 2119 1786 tale
2175 1722 2480 1804 reperturi
2542 1721 2632 1787 si-

760 1851 905 1902 mus
924 1881 948 1917 ‚
1010 1833 1197 1918 quale
1249 1838 1376 1920 jam
1433 1837 1893 1911 autumavimus
1958 1837 2417 1918 quodammodo
2442 1887 2468 1921 ‚
2533 1838 2632 1906 in·

760 1965 1005 2021 certum
1064 1965 1202 2037 est3
1268 1970 1383 2018 nec
1445 1971 1598 2019 vero
1658 1953 1723 2019 id
1781 1967 2174 2037 spectamus:
2235 1971 2376 2045 nam
2448 1954 2503 2021 si
2558 1955 2627 2022 in

762 2069 881 2136 alla
920 2087 1300 2152 quacunque
1340 2070 1628 2152 tandem,
1685 2071 1750 2135 in
1818 2072 1932 2138 hac
1989 2084 2157 2138 certe
2210 2071 2410 2154 ipsius
2467 2072 2631 2138 veri·

762 2185 909 2253 tatis
967 2186 1451 2269 disquisitione,
1516 2207 1647 2254 non
1707 2190 1883 2271 quod
1939 2171 2346 2274 opinionibus
2386 2191 2627 2258 nostris

747 2293 1249 2370 'consentaneum
1269 2351 1292 2386 ‚
1358 2305 1470 2371 sed
1550 2305 1725 2387 quod
1780 2324 1998 2374 verum
2063 2322 2159 2374 est
2225 2308 2580 2390 'quaerimus
2601 2355 2630 2390 ‚

758 2419 901 2486 sive
939 2423 1265 2487 conveniat
1319 2421 1438 2488 illis
1461 2468 1486 2503 ,
1531 2422 1669 2490 sive
1724 2437 2053 2508 repugnet.
2144 2424 2470 2511 Quidquid
2510 2425 2632 2511 igi·

766 2548 876 2602 tur
936 2538 1251 2603 clamitant
1309 2539 1464 2622 isti,
1528 2539 1687 2605 nihil
1748 2559 2061 2606 moramur
2115 2560 2282 2607 nunc
2347 2543 2626 2624 quidem.

765 2649 1017 2739 Quodsi
1078 2657 1432 2736 quaerendo
1492 2657 1798 2739 reperisse
1853 2657 2039 2723 nobis
2094 2658 2428 2741 aliquando
2471 2679 2634 2726 non-

764 2772 921 2838 nihil
980 2772 1104 2840 visi
1157 2772 1463 2839 fuerimus
1488 2820 1512 2855 ‚
1588 2787 1721 2840 tum
1787 2774 2025 2840 scilicet
2078 2793 2208 2840 non
2265 2779 2628 2858 aspernabi-

762 2907 945 2973 mur,
1007 2869 1121 2957 sed
1165 2889 1501 2956 redibimus
1561 2890 1640 2955 ad
1698 2890 1843 2956 illos
1908 2890 2180 2970 hilare3‚
2224 2892 2340 2956 sed
2400 2909 2623 2959 eorum

766 3007 1022 3073 inventa
1084 3005 1440 3092 diligentius
1507 3006 2036 3073 considerabimus
2064 3053 2089 3087 ,
2162 3006 2417 3089 illisque
2475 3009 2628 3076 haec

762 3135 983 3190 nostra
1036 3122 1575 3204 comparabimu33
1643 3122 1699 3188 si
1760 3123 2165 3207 praestabunt
2208 3123 2348 3207 illa,
2414 3126 2631 3196 lauda-

762 3239 971 3306 bimus
991 3285 1015 3319 ,
1060 3238 1469 3321 accipiemus:
1515 3257 1653 3305 nam
1690 3241 1996 3322 neminem
2046 3240 2330 3323 odimus,
2371 3242 2635 3312 minime

762 3356 1040 3423 omnium
1101 3356 1246 3421 iilos
1302 3355 1579 3438 scilicet,
1636 3357 1746 3438 qui
1812 3356 2148 3442 sapientiae
2196 3371 2345 3423 sunt
2392 3371 2460 3425 et
2499 3360 2635 3427 vir·-

756 3473 925 3541 tutis
984 3474 1323 3554 doctores;
1385 3473 1484 3537 sin
1524 3492 1678 3539 vero
1722 3492 1854 3540 non
1910 3474 2294 3542 videbuntur
2347 3491 2632 3559 praesta-

768 3607 885 3669 re,
954 3588 1043 3655 illi
1103 3589 1254 3670 quid
1308 3588 1537 3654 faciant
1565 3637 1588 3672 ‚
1648 3590 1774 3672 ipsi
1832 3590 2178 3657 videbunt:
2227 3610 2352 3658 nos
2391 3592 2628 3676 speciei

762 3706 1085 3773 veritatem
1110 3754 1135 3787 ‚
1186 3706 1474 3789 opinioni
1529 3706 1947 3791 praeferemus
2009 3708 2354 3776 scientiam.
2464 3710 2633 3777 Cae-

748 3809 971 3892 ⁴terum
1026 3821 1344 3890 scientiam
1406 3843 1526 3890 nos
1547 3870 1572 3904 ,
1629 3823 1684 3889 si
1745 3842 1876 3911 non
1915 3838 2369 3892 consecuturos
2397 3872 2422 3907 ,
2458 3840 2634 3893 certe

738 3939 1121 4026 »eujusmodi
1166 3940 1252 4007 sit
1294 3954 1704 4008 assecuturos
1738 3958 1927 4021 esse,
1989 3941 2413 4023 confidimus,
2478 3960 2631 4027 spe-

768 4077 975 4126 ramus
1041 4058 1298 4125 saltemt
1370 4076 1554 4141 quam
1608 4055 1798 4126 nobis
1856 4074 2034 4142 spem
2099 4056 2208 4124 alit
2277 4056 2639 4132 considera-

2529 4185 2631 4239 ΠΟ
