2900 4817
1085 506 1174 523 ....
1225 472 1480 552 165...-

329 652 554 723 'totelis
623 652 1124 739 posteriorisque
1196 651 1414 719 aetatis
1501 650 1737 737 analysi
1823 652 2201 719 Platonicam

323 772 823 842 distinxerimus.
1262 783 1266 787 ·

414 889 580 955 Eum
617 890 681 954 in
724 888 980 955 modum
1038 887 1205 971 apud
1261 886 1671 953 Aristotelem
1719 886 2005 966 aliosque
2046 886 2192 952 baec

329 1006 617 1089 procedit
665 1006 958 1072 cernendi
1008 1005 1440 1090 jungendique
1492 1004 1830 1068 methodus
1856 1049 1878 1082 ‚
1951 1016 2024 1067 ut
2080 1003 2196 1067 do·

323 1137 466 1187 cent
522 1123 788 1188 lectores
851 1135 1116 1200 auctor,
1177 1121 1248 1185 in
1307 1137 1466 1202 quas
1522 1138 1730 1203 partes
1786 1120 2193 1187 dividendum
2269 1131 2277 1140 ·

319 1239 955 1322 distribuendumque
1003 1248 1436 1322 argumentum
1497 1237 1581 1302 sit
1606 1284 1629 1317 ‚
1676 1246 1964 1320 quaeque
2003 1256 2198 1321 porro

311 1356 412 1423 sit
454 1356 837 1442 singularum
898 1354 1169 1438 partium
1229 1352 1510 1435 partitio·
1623 1353 1683 1420 E
1752 1368 1897 1435 qua·
1933 1354 2201 1420 docendi

328 1474 572 1540 ratione
600 1488 813 1538 ortum
847 1485 1260 1555 praeceptum
1302 1485 1430 1536 est:
1479 1473 1592 1556 qm·
1639 1465 2196 1555 bene-distinguit,

321 1589 474 1656 bene
520 1589 715 1657 docet.
804 1589 998 1672 Apud
1034 1588 1351 1654 Platonem
1392 1606 1544 1653 vero
1587 1600 1716 1653 non
1762 1588 1989 1653 docere
2017 1588 2201 1655 Elea-

327 1712 455 1771 tem
510 1703 847 1786 Hospitem
894 1702 1206 1769 vidimus:
1271 1703 1616 1790 interrogat
1654 1720 1902 1786 semper
1957 1702 2203 1769 Theae-

326 1836 526 1888 tetum
580 1837 831 1904 unaque
883 1840 1025 1886 cum
1071 1840 1150 1886 eo
1194 1821 1462 1902 quaerit.
1553 1819 1698 1885 Hoc
1754 1834 1966 1885 autem
2006 1821 2194 1886 modo

326 1939 570 2006 invenit
617 1938 889 2023 analysis
916 1986 938 2021 ,
1001 1939 1116 2004 illo
1159 1939 1414 2004 inventa
1469 1938 1801 2004 nobiscum
1852 1938 2205 2004 communi·

319 2072 450 2129 εει.
540 2058 836 2124 Recessit
879 2057 1126 2140 quidem
1173 2071 1392 2140 postea
1445 2056 1522 2135 ab
1560 2058 1670 2123 illa
1714 2057 1956 2123 ratione
1995 2057 2196 2124 mato.

329 2176 404 2240 In
443 2176 734 2254 Timaeo,
780 2175 845 2241 in
884 2175 1139 2253 Oricia,
1185 2174 1252 2238 in
1287 2173 1467 2239 libris
1527 2172 1600 2239 de
1647 2175 1919 2260 Legibus
1972 2176 2207 2257 princi-

323 2309 475 2375 ·pem
525 2291 759 2375 dialogi
828 2306 1160 2371 personam
1215 2289 1703 2372 distinguentem
1757 2291 2044 2373 inducit,
2133 2307 2206 2358 ut

327 2411 537 2494 iegete
588 2407 778 2474 nobis
822 2408 1091 2473 subinde
1146 2408 1556 2474 Aristotelem
1584 2456 1606 2488 ,
1671 2427 1869 2474 rerum
1924 2425 2202 2477 naturam

317 2528 742 2610 explicantem
768 2572 792 2606 ‚
861 2525 1198 2592 videamur.
1288 2525 1412 2593 Sed
1474 2544 1603 2592 non
1655 2528 1735 2594 de
1796 2527 1891 2593 his
1917 2574 1938 2607 ‚
1984 2531 2062 2595 de
2122 2530 2200 2594 iis

330 2652 433 2713 hic
479 2646 721 2729 agimus
773 2645 1079 2728 dialogiS,
1123 2644 1189 2709 in
1228 2645 1501 2725 quibus,
1544 2645 1827 2710 methodi
1878 2646 2018 2728 ipse
2058 2654 2208 2712 suae

329 2778 613 2830 naturam
643 2760 1011 2842 ·expressit:
1062 2778 1226 2841 quos
1262 2763 1316 2825 si
1361 2782 1503 2826 cum
1545 2761 1908 2827 Aristotelis
1961 2764 2212 2847 discep-

328 2877 678 2948 tationibus
740 2875 1126 2943 conferimus
1153 2922 1177 2955 ‚
1243 2876 1357 2942 has
1423 2895 1553 2943 non
1602 2878 1814 2962 inepte
1856 2881 2207 2965 analyticas

321 2996 880 3064 demonstrationes
958 2994 1369 3060 vocabimus:
1462 2994 1527 3059 in
1599 2995 1723 3060 illis
1803 3016 1955 3062 vero
2006 2998 2207 3081 ipsam

323 3115 659 3198 -analysin‚
695 3113 1041 3196 »quaerendi
1089 3112 1585 3194 inveniendique
1637 3114 2000 3179 methodum
2028 3163 2051 3194 ‚
2112 3115 2208 3181 in·
2250 3156 2255 3163 -

327 3232 628 3297 ventricis
696 3230 954 3295 omnino
1019 3230 1369 3295 dialecticae
1427 3248 1704 3296 normam
1765 3207 2203 3316 agnoscemus.

333 3348 462 3414 sed
503 3347 584 3412 de
637 3346 873 3426 mod0‚
922 3366 1051 3428 quo
1098 3348 1378 3430 analysin
1442 3328 1771 3432 u'surpavit
1806 3350 2027 3427 Plat0‚
2092 3351 2209 3417 alia

330 3479 483 3533 sunt
539 3464 688 3529 item
745 3462 1275 3529 animadvertenda
1325 3463 1536 3533 nobis.
1648 3465 1774 3530 Est
1839 3466 1941 3531 illa
2006 3468 2203 3550 ratic»,

301 3583 508 3667 ·quod
567 3582 706 3665 ipse
769 3578 1048 3661 fatetur,
1139 3594 1207 3644 ut
1263 3581 1677 3661 pulcerrima,
1765 3581 1849 3647 ita
1908 3602 2207 3667 perquam

330 3694 515 3769 etiam
582 3695 876 3766 difficilis.
1007 3696 1267 3780 Saepius
1323 3715 1423 3762 tne
1485 3698 1627 3780 illa,
1693 3700 1779 3762 ait
1836 3701 2000 3783 apud
2060 3720 2203 3768 eum

335 3818 593 3900 Hospes
632 3818 887 3883 Eleates
907 3863 931 3898 ‚
995 3814 1061 3880 in
1105 3815 1477 3898 quaerendo
1516 3830 1578 3881 et
1617 3815 1976 3885 disserendo
2018 3817 2212 3884 desti-

326 3934 483 4000 tuit.
573 3933 720 4017 Qud
760 3931 982 3999 accidit
1026 3930 1432 4013 difficultate,
1481 3948 1550 3999 ut
1591 3934 1777 4019 pauci
1836 3937 2008 4002 omni
2052 3952 2208 4002 aevo

327 4054 412 4134 es
469 4062 636 4116 recte
681 4049 782 4118 uti
825 4051 978 4117 sint.
1068 4049 1233 4118 Nam
1273 4048 1716 4134 Aristoteles,
1762 4066 1834 4117 ut
1870 4052 1991 4119 hoc
2026 4070 2237 4134 utar‚.

2112 4188 2215 4238 m,
