2900 4817
1516 460 1607 477 ..
1654 444 1902 507 124...

745 610 915 680 utile
969 608 1228 677 omnino
1284 605 1608 693 negotium
1663 621 1763 673 est
1785 649 1813 686 ‚
1857 598 2015 688 quid
2046 600 2436 688 cognoscere
2468 602 2635 686 μω·-

751 730 996 811 dimus,
1063 725 1219 809 quid
1263 744 1396 792 non
1453 723 1777 810 possimus
1799 768 1828 804 ‚
1889 719 2243 787 describere
2294 737 2623 799 accurate,

755 866 890 934 quo
937 842 1129 931 magis
1188 842 1267 909 ab
1326 841 1664 909 affirmandi
1721 836 2167 919 statuendique
2222 839 2619 916 temeritate,

755 979 920 1048 quae
948 959 1079 1028 fere
1114 974 1213 1026 est
1255 959 1789 1043 philosophorum
1831 955 2085 1040 propria
2107 1001 2130 1035 ‚
2154 953 2617 1033 abstineamus,

750 1080 867 1147 sed
919 1078 1346 1145 demonstrare
1368 1123 1391 1157 ‚
1438 1074 1595 1159 quid
1633 1092 1886 1140 caussae
1938 1074 2025 1138 sit
2048 1117 2072 1154 ,
2136 1086 2208 1136 ut
2273 1088 2435 1153 quae
2469 1087 2625 1154 pos·

751 1207 908 1260 sunt
969 1210 1355 1278 cognoscere
1429 1193 1723 1258 mortales
1747 1236 1772 1271 ‚
1839 1207 1972 1256 non
2031 1187 2364 1270 exquirant
2394 1234 2419 1269 ‚
2486 1202 2623 1253 tum

752 1309 936 1377 etiam
964 1356 987 1390 ,
1033 1308 1556 1393 quemadmodum
1593 1326 1665 1374 ea
1704 1305 1995 1373 facillima
2042 1306 2284 1372 ratione
2331 1324 2473 1370 cum
2516 1323 2633 1372 ex·

756 1425 1008 1528 quirere
1064 1425 1285 1494 iisdem
1344 1424 1527 1492 liceat
1588 1439 1722 1490 tum
1774 1423 2056 1491 invenire
2080 1471 2101 1504 ‚
2149 1423 2212 1490 id
2239 1471 2262 1504 ‚
2321 1423 2629 1505 inquam,

756 1540 1187 1611 demonstrare
1238 1541 1530 1623 viamque
1579 1543 1709 1623 qua
1752 1559 1830 1607 eo
1888 1539 2289 1623 perveniatur
2335 1541 2633 1607 ostende·

759 1676 831 1726 re
854 1696 884 1741 5
924 1659 1176 1744 majoris
1235 1657 1418 1724 etiam
1478 1675 1618 1723 esse
1687 1671 1753 1722 et
1795 1675 2076 1722 summae
2130 1656 2413 1723 utilitatis
2456 1658 2636 1724 vide-

756 1791 892 1843 tur.
978 1774 1342 1857 Utrumque
1382 1791 1590 1839 autem
1636 1773 1794 1839 illud
1835 1773 2147 1856 praestitit
2183 1774 2367 1840 nobis
2420 1774 2625 1840 Plato.

758 1891 917 1959 Non
972 1909 1072 1957 res
1127 1890 1235 1956 ille
1257 1935 1282 1969 ‚
1327 1908 1524 1973 quum
1585 1891 1665 1956 de
1702 1891 1936 1955 mundo
2003 1895 2182 1976 νοητῷ·
2236 1907 2487 1972 ageret,
2558 1906 2633 1957 ut

759 2005 913 2089 aiii,
972 2006 1269 2089 respexit.
1376 2002 1533 2071 Non
1584 2004 1769 2071 finxit
1821 2007 1887 2072 in
1950 2009 2251 2089 spelunca
2292 1986 2630 2089 homines,

764 2123 881 2209 qui
951 2118 1231 2209 caliginis
1294 2126 1522 2190 caussa
1583 2125 1689 2189 vix
1753 2123 2095 2207 quidquam
2141 2125 2628 2209 conspicer-‘ente

767 2243 941 2326 quod
989 2241 1057 2307 in
1120 2241 1381 2308 aliorum
1436 2241 1696 2324 quadrat
1767 2240 2301 2324 philosophorum
2366 2242 2627 2326 placita,

768 2360 881 2444 qui
922 2374 1128 2425 rerum
1181 2356 1537 2423 conditioni
1591 2357 1892 2423 obscurae
1932 2370 1996 2423 et
2057 2358 2455 2438 reconditae,
2501 2377 2631 2424 non

694 2458 702 2472 ⁸
766 2475 1042 2543 hominis
1097 2474 1390 2557 torpori,
1453 2474 1864 2561 ignorantiam
1929 2473 2219 2539 tribuunt
2278 2477 2629 2542 humanam.

766 2592 841 2659 In
897 2589 1107 2659 fabula
1149 2590 1426 2658 Platonis
1472 2589 1637 2675 ignis
1681 2590 1854 2655 adest
1901 2589 2259 2671 continue,
2303 2592 2478 2657 adest
2526 2592 2627 2657 lu-

766 2723 995 2793 cetque
1056 2709 1203 2776 sol:
1273 2707 1598 2794 finguntur
1655 2725 1809 2773 vero
1851 2707 2084 2791 captivi
2132 2726 2261 2773 -nec
2306 2709 2383 2773 ad
2423 2708 2631 2793 ignem

769 2844 886 2893 nec
942 2828 1021 2893 ad
1070 2828 1269 2893 solem
1335 2826 1540 2892 oculis
1607 2825 1946 2905 conversi,
2013 2825 2252 2909 quippe
2295 2826 2525 2909 captivi
2558 2843 2636 2894 et

769 2941 1043 3011 vinculis
1097 2941 1408 3024 cohibiti,
1453 2962 1585 3026 quo
1640 2942 1848 3009 minus
1894 2943 1972 3009 ab
2029 2942 2272 3007 umbris
2328 2962 2399 3017 se
2432 2945 2509 3009 ad
2544 2945 2641 3031 ig-

772 3080 916 3131 nem
971 3073 1342 3128 convertant
1402 3059 1867 3143 escendantque
1924 3058 1981 3127 e'
2030 3060 2294 3127 carceris
2362 3059 2639 3127 tenebris

774 3179 853 3246 ad
908 3177 1121 3263 ipsum
1177 3179 1378 3244 solem
1438 3175 1934 3261 adspiciendum.
2041 3178 2231 3245 Plane
2287 3178 2352 3244 id
2406 3197 2644 3245 conve·

774 3296 873 3365 nit
906 3296 1347 3381 philosophiae
1384 3293 1763 3362 Platonicae.
1837 3293 2189 3379 Opinamur
2241 3296 2323 3362 de
2360 3295 2639 3362 Platonis

775 3413 1090 3483 sententia
1125 3428 1190 3480 et
1229 3430 1506 3479 erramus
1530 3459 1554 3493 ‚
1603 3429 1734 3477 non
1774 3412 1921 3494 quia
1966 3410 2099 3478 fato
2138 3412 2326 3479 nobis
2371 3414 2639 3480 destim-

776 3546 877 3597 tae
919 3531 1211 3597 tenebrae
1252 3543 1441 3610 sunt,
1487 3530 1588 3595 vel
1631 3542 2009 3612 propterea,
2056 3530 2228 3610 quod
2266 3529 2391 3614 ipsi
2427 3531 2641 3598 videre

774 3626 907 3714 non
928 3665 1320 3732 possumus3
1369 3648 1483 3712 sed
1512 3648 1624 3713 hac
1654 3647 1736 3712 de
1761 3664 1982 3711 caussa
2018 3645 2312 3727 maxime,
2339 3646 2643 3728 quoniam

771 3747 1000 3834 oculos
1055 3762 1357 3830 habemus
1393 3783 1525 3830 non
1568 3764 1646 3830 ad
1685 3766 1886 3830 lucem
1913 3809 1938 3845 ‚
2004 3782 2166 3848 quae
2205 3765 2411 3846 adest,
2474 3764 2521 3831 i.
2571 3787 2637 3835 e.

777 3880 1080 3951 muudum
1135 3897 1358 3947 versus
1413 3886 1651 3964 νοητὸν,
1692 3882 1770 3948 ad
1811 3880 1980 3949 ideas
2000 3928 2026 3963 ,
2069 3884 2182 3950 sed
2236 3885 2314 3952 ad
2346 3884 2641 3954 tenebras

779 3999 1174 4085 intumque
1248 3997 1501 4067 umbras
1560 4017 1907 4068 conversos
1944 4046 1968 4083 ,
2038 4000 2421 4089 umbrasque
2490 4003 2641 4071 ὶεωι
