2900 4817
1510 469 1855 544 464*-

731 638 906 730 pius
942 648 1019 713 ad
1082 640 1212 713 'eam
1267 645 1581 731 processit
1626 647 1989 715 lonicorum
2034 647 2371 733 princeps»,
2416 647 2615 715 ide'mae

731 771 872 861 clue⁸
902 764 1178 831 Socratis
1235 764 1297 829 si
1347 779 1481 830 non
1520 780 1934 850 praeceptor,
1976 766 2107 832 dux
2161 780 2334 832 certe
2377 766 2456 832 ad
2499 784 2613 833 su-

729 882 1061 961 blimiora,
1146 882 1600 967 Anaxagoras,
1686 883 1801 965 qui
1860 901 2056 968 supra
2114 898 2402 950 naturam
2461 897 2608 951 sese

721 1017 952 1081 resque
1012 1000 1467 1083 adspectabiles
1540 998 1788 1085 erigens
1813 1048 1838 1082 ‚
1928 1008 2105 1071 νοῦν
2175 998 2603 1083 frequentaret

716 1114 1118 1182 sermonibus
1179 1112 1571 1201 scriptisque
1626 1117 1814 1201 suia,
1895 1112 2262 1202 diceretque
2320 1117 2598 1202 primum

715 1236 926 1304 mim-x
967 1239 1111 1319 ὁμοῦ
1169 1232 1372 1301 fuisse
1392 1281 1417 1316 ‚
1465 1250 1601 1301 tum
1660 1253 1814 1303 vero
1868 1244 2000 1307 νοῦν
2051 1234 2365 1319 prodiisse
2404 1248 2598 1317 atque

714 1351 1038 1449 ordinasse
1084 1352 1320 1419 omnia.
1427 1356 1648 1423 Ildum
1704 1356 2004 1439 χρήματα.
2054 1351 2122 1431 ἦν
2185 1357 2332 1436 ὁμοῦ
2360 1399 2385 1433 ,
2455 1352 2595 1423 εἶτα

713 1471 843 1548 5052,-
886 1465 1066 1541 ἐλθὼν
1088 1523 1108 1549 ,
1177 1475 1343 1541 aibr&
1383 1473 1737 1554 Btsxdcmn'crs
1778 1470 1895 1535 (θ’.
2024 1468 2469 1535 Verumtamen
2522 1468 2591 1535 in

706 1586 956 1671 placitis
1000 1586 1124 1653 illis
1171 1587 1420 1653 cunctis
1443 1634 1466 1667 ‚
1513 1586 1578 1652 in
1618 1585 1822 1670 ipsius
1871 1587 2285 1671 Anaxagorae
2327 1582 2597 1653 subiimi'

703 1706 830 1771 hoc
871 1705 1064 1772 effato
1085 1752 1110 1786 ‚
1155 1704 1331 1771 initia
1387 1704 1583 1770 video
1629 1704 2095 1788 metaphysicae
2122 1751 2146 1785 ‚
2189 1705 2397 1787 ipsam
2437 1682 2586 1770 doc·

701 1820 925 1888 t'rinam
944 1869 969 1903 ‚
1034 1841 1195 1905 quae
1263 1819 1487 1887 deinde
1553 1822 1681 1887 hoc
1740 1822 1998 1888 nomine
2059 1822 2371 1889 celebrata
2436 1834 2536 1889 eat
2557 1868 2581 1903 ‚

698 1930 979 2003 nondum
1021 1936 1237 2003 video.
1328 1935 1566 2003 Multis
1617 1937 1870 2004 demum
1914 1938 2096 2004 annis
2134 1953 2337 2023 post,-
2382 1954 2581 2022 quum

700 2055 992 2122 Socrates
1049 2066 1112 2119 et
1171 2055 1355 2121 Plato
1422 2072 1655 2120 novam
1714 2055 2211 2138 philosophandi
2276 2056 2577 2123 rationem

653 2171 1139 2251 -induxissent'‚
1203 2170 1537 2254 profectus
1596 2189 1635 2239 e
1698 2171 1979 2240 Platonis
2045 2172 2268 2240 schola
2325 2173 2581 2240 Aristo·

694 2291 848 2355 teles
876 2337 900 2371 ‚
944 2286 1356 2373 ejusdemque
1409 2305 1555 2351 cum
1612 2285 1862 2369 placitis
1918 2286 2204 2354 imbutus
2250 2287 2329 2354 dc
2383 2287 2573 2355 rebus

690 2419 926 2486 ῡοηταῒς
950 2458 970 2483 ,
1018 2419 1152 2470 tum
1211 2404 1535 2471 dialectica
1577 2405 2008 2484 exercitatus,
2053 2424 2416 2473 caussarum
2476 2405 2576 2471 in-

686 2521 1169 2605 vestigationem
1229 2522 1308 2587 ad
1369 2522 1741 2606 disciplinae
1789 2541 2070 2590 normam
2118 2524 2329 2611 adegit
2380 2542 2572 2607 atque

682 2639 762 2705 ad
812 2651 1088 2704 mentem
1144 2637 1360 2704 retulit
1412 2638 1721 2705 hominis.
1857 2639 1964 2707 Sic
2014 2641 2262 2707 demum
2326 2643 2565 2726 prodiit

683 2757 855 2842 apud
901 2756 1185 2823 Graecos
1220 2756 1482 2840 proprie
1532 2754 1627 2822 sic
1665 2757 1830 2822 dicta
1884 2760 2329 2844 metaphysica.
2392 2760 2561 2826 Nam

678 2876 924 2962 priores
969 2875 1111 2957 illi,
1158 2875 1332 2957 quod
1376 2874 1519 2958 ipse
1569 2874 1655 2941 ait
1708 2873 2078 2958 disciplinae
2119 2890 2390 2957 auctor,
2432 2878 2565 2944 dia-

677 2995 960 3062 lecticam
1024 2992 1320 3060 tenebant
1380 2993 1691 3060 nondum.
1785 2998 1866 3063 Oi
1922 2998 2046 3078 γὰρ
2107 2996 2370 3078 πρότεροι
2428 2999 2565 3065 δια·

678 3122 961 3190 λεκτικῆς
1003 3118 1069 3182 οὗ
1109 3122 1398 3197 μετεῖχον
1419 3108 1530 3180 (2).
1619 3108 1908 3190 Scilicet,
1944 3126 2029 3175 ·ut
2072 3109 2233 3175 idem
2270 3111 2506 3195 judicat
2529 3159 2555 3193 ,

676 3229 1064 3297 balbutiebat
1103 3227 1307 3293 adhuc
1349 3224 1805 3311 philosophias
1838 3231 2243 3313 ψελλιζομένῃ
2283 3234 2407 3314 γὰρ
2445 3232 2561 3299 ἔοι·

673 3334 775 3419 arev
822 3352 859 3427 ἦ
912 3349 1112 3430 πρώτη
1177 3348 1520 3431 Φιλοσοφία
1584 3346 1716 3428 περ)
1779 3347 2022 3415 πάντων
2046 3396 2066 3422 ,
2135 3344 2251 3415 ἅτε
2309 3349 2415 3416 νέαι
2477 3376 2553 3418 τε

674 3469 792 3535 καὶ
819 3470 961 3535 κατ’
998 3469 1208 3550 ἀρχὰς
1251 3463 1399 3535 οὖσαι
1422 3460 1542 3529 (3).
1628 3462 1832 3528 Erant
1876 3461 2127 3543 quidem
2154 3508 2178 3543 ‚
2221 3462 2344 3544 ait,
2389 3469 2503 3548 qui
2517 3512 2544 3547 ‚

667 3597 744 3650 ut
783 3585 1189 3669 Anaxagoras
1252 3580 1517 3650 maxime
1537 3628 1562 3664 ‚
1607 3576 1829 3645 eximia
1887 3580 2228 3663 proderent
2279 3582 2545 3664 placita,

2060 3700 2065 3705 ’
2431 3697 2550 3764 sed

684 3946 692 3953 ‚
730 3873 1411 3946 (ι),1)ἰος.1.ειὸι·ι.ιῐ.6.
1492 3846 1653 3924 Plato
1667 3869 1944 3923 Phaedon.
1971 3869 2146 3942 97·C·
2217 3868 2307 3923 cf.
2340 3863 2545 3921 Valck-

661 3977 849 4033 Diatr·
906 3992 965 4043 p·
1003 3975 1095 4032 4ο.
1255 3973 1338 4043 (2)
1388 3972 1563 4026 Arist.
1595 3967 1840 4040 Memph.
1887 3969 1936 4022 1.
1991 3986 2050 4038 p.
2087 3968 2172 4022 16.
2226 3967 2333 4022 Ed.
2377 3966 2542 4036 sylb.

669 4079 753 4156 (ὃ)
799 4064 1035 4133 lli-eod.
1065 4071 1109 4126 i.
1145 4089 1204 4143 p.
1227 4073 1313 4129 26.
1886 4098 1895 4106 ·
2540 4088 2549 4099 ·
