<?xml version="1.0" encoding="UTF-8"?>
<!DOCTYPE html PUBLIC "-//W3C//DTD XHTML 1.0 Transitional//EN"
    "http://www.w3.org/TR/xhtml1/DTD/xhtml1-transitional.dtd">
<html xmlns="http://www.w3.org/1999/xhtml" xml:lang="en" lang="en">
 <head>
  <title>
</title>
<meta http-equiv="Content-Type" content="text/html;charset=utf-8" />
  <meta name='ocr-system' content='tesseract 3.04.00' />
  <meta name='ocr-capabilities' content='ocr_page ocr_carea ocr_par ocr_line ocrx_word'/>
</head>
<body>
  <div class='ocr_page' id='page_1' title='image "./initiaphilosoph06heusgoog/initiaphilosoph06heusgoog_0289.png"; bbox 0 0 2900 4817; ppageno 0'>
   <div class='ocr_carea' id='block_1_1' title="bbox 1128 520 1484 599">
    <p class='ocr_par' dir='ltr' id='par_1_1' title="bbox 1128 520 1484 599">
     <span class='ocr_line' id='line_1_1' title="bbox 1128 520 1484 599; baseline 0 -32"><span class='ocrx_word' id='word_1_1' title='bbox 1128 520 1484 599; x_wconf 64' lang='lat'><strong>-85-</strong></span> 
     </span>
    </p>
   </div>
   <div class='ocr_carea' id='block_1_2' title="bbox 278 669 2344 4178">
    <p class='ocr_par' dir='ltr' id='par_1_2' title="bbox 352 669 2344 3827">
     <span class='ocr_line' id='line_1_2' title="bbox 355 669 2225 785; baseline -0.003 -16"><span class='ocrx_word' id='word_1_2' title='bbox 355 699 932 785; x_wconf 81' lang='lat' dir='ltr'><strong>reprimendamque&#39;</strong></span> <span class='ocrx_word' id='word_1_3' title='bbox 1006 675 1416 779; x_wconf 79' lang='lat' dir='ltr'><strong>arrogantiam</strong></span> <span class='ocrx_word' id='word_1_4' title='bbox 1444 744 1468 779; x_wconf 91' lang='lat'>‚</span> <span class='ocrx_word' id='word_1_5' title='bbox 1555 697 1698 764; x_wconf 83' lang='lat' dir='ltr'><strong>sed·</strong></span> <span class='ocrx_word' id='word_1_6' title='bbox 1729 692 1912 763; x_wconf 81' lang='lat' dir='ltr'><strong>etiam</strong></span> <span class='ocrx_word' id='word_1_7' title='bbox 1942 669 2007 779; x_wconf 56' lang='lat'><strong>,⁵</strong></span> <span class='ocrx_word' id='word_1_8' title='bbox 2050 694 2225 782; x_wconf 84' lang='lat' dir='ltr'><strong>quod</strong></span> 
     </span>
     <span class='ocr_line' id='line_1_3' title="bbox 352 797 2220 901; baseline -0.002 -16"><span class='ocrx_word' id='word_1_9' title='bbox 352 797 645 901; x_wconf 73' lang='lat' dir='ltr'><strong>deinceps</strong></span> <span class='ocrx_word' id='word_1_10' title='bbox 698 817 1021 900; x_wconf 77' lang='lat' dir='ltr'><strong>spectabat</strong></span> <span class='ocrx_word' id='word_1_11' title='bbox 1063 813 1416 879; x_wconf 75' lang='lat' dir='ltr'>dialecticae</span> <span class='ocrx_word' id='word_1_12' title='bbox 1475 830 1695 897; x_wconf 89' lang='lat' dir='ltr'><strong>parens</strong></span> <span class='ocrx_word' id='word_1_13' title='bbox 1721 862 1746 895; x_wconf 88' lang='lat'>‚</span> <span class='ocrx_word' id='word_1_14' title='bbox 1789 814 1865 879; x_wconf 88' lang='lat' dir='ltr'><strong>ad</strong></span> <span class='ocrx_word' id='word_1_15' title='bbox 1919 816 2110 882; x_wconf 89' lang='lat' dir='ltr'><strong>recte&#39;</strong></span> <span class='ocrx_word' id='word_1_16' title='bbox 2140 818 2220 881; x_wconf 89' lang='lat' dir='ltr'><strong>de</strong></span> 
     </span>
     <span class='ocr_line' id='line_1_4' title="bbox 354 928 2221 1017; baseline -0.001 -19"><span class='ocrx_word' id='word_1_17' title='bbox 354 933 542 1000; x_wconf 90' lang='lat' dir='ltr'><strong>rebus</strong></span> <span class='ocrx_word' id='word_1_18' title='bbox 582 931 982 1017; x_wconf 85' lang='lat' dir='ltr'><strong>judicandum</strong></span> <span class='ocrx_word' id='word_1_19' title='bbox 1018 930 1502 997; x_wconf 87' lang='lat' dir='ltr'><strong>accommodata.</strong></span> <span class='ocrx_word' id='word_1_20' title='bbox 1567 928 1920 998; x_wconf 73' lang='lat' dir='ltr'>pertinebat</span> <span class='ocrx_word' id='word_1_21' title='bbox 1961 950 2038 998; x_wconf 92' lang='lat' dir='ltr'><strong>eo</strong></span> <span class='ocrx_word' id='word_1_22' title='bbox 2069 930 2221 1015; x_wconf 86' lang='lat' dir='ltr'><strong>poi·-</strong></span> 
     </span>
     <span class='ocr_line' id='line_1_5' title="bbox 355 1045 2226 1131; baseline 0.001 -18"><span class='ocrx_word' id='word_1_23' title='bbox 355 1068 470 1129; x_wconf 72' lang='grc' dir='ltr'><strong>το,</strong></span> <span class='ocrx_word' id='word_1_24' title='bbox 517 1062 590 1113; x_wconf 88' lang='lat' dir='ltr'><strong>ut</strong></span> <span class='ocrx_word' id='word_1_25' title='bbox 629 1067 726 1115; x_wconf 87' lang='lat' dir='ltr'><strong>res</strong></span> <span class='ocrx_word' id='word_1_26' title='bbox 750 1095 775 1127; x_wconf 88' lang='lat'>‚</span> <span class='ocrx_word' id='word_1_27' title='bbox 818 1047 896 1113; x_wconf 90' lang='lat' dir='ltr'><strong>de</strong></span> <span class='ocrx_word' id='word_1_28' title='bbox 945 1066 1070 1130; x_wconf 90' lang='lat' dir='ltr'><strong>qua</strong></span> <span class='ocrx_word' id='word_1_29' title='bbox 1122 1061 1452 1130; x_wconf 84' lang='lat' dir='ltr'><strong>ageretur,</strong></span> <span class='ocrx_word' id='word_1_30' title='bbox 1505 1045 1868 1112; x_wconf 87' lang='lat' dir='ltr'><strong>definiretur</strong></span> <span class='ocrx_word' id='word_1_31' title='bbox 1911 1061 2095 1131; x_wconf 85' lang='lat' dir='ltr'><strong>apte,</strong></span> <span class='ocrx_word' id='word_1_32' title='bbox 2137 1062 2226 1114; x_wconf 67' lang='lat' dir='ltr'><strong>ner</strong></span> 
     </span>
     <span class='ocr_line' id='line_1_6' title="bbox 357 1147 2220 1248; baseline 0 -17"><span class='ocrx_word' id='word_1_33' title='bbox 357 1168 588 1231; x_wconf 84' lang='lat' dir='ltr'><strong>temere</strong></span> <span class='ocrx_word' id='word_1_34' title='bbox 636 1179 961 1248; x_wconf 87' lang='lat' dir='ltr'><strong>vagaretur</strong></span> <span class='ocrx_word' id='word_1_35' title='bbox 1018 1147 1389 1246; x_wconf 83' lang='lat' dir='ltr'><strong>disputatio.</strong></span> <span class='ocrx_word' id='word_1_36' title='bbox 1481 1161 1770 1229; x_wconf 85' lang='lat' dir='ltr'><strong>Socrates</strong></span> <span class='ocrx_word' id='word_1_37' title='bbox 1791 1210 1815 1243; x_wconf 91' lang='lat'>‚</span> <span class='ocrx_word' id='word_1_38' title='bbox 1859 1163 1945 1230; x_wconf 89' lang='lat' dir='ltr'><strong>ait</strong></span> <span class='ocrx_word' id='word_1_39' title='bbox 2003 1156 2220 1231; x_wconf 85' lang='lat' dir='ltr'><strong>Xeno-</strong></span> 
     </span>
     <span class='ocr_line' id='line_1_7' title="bbox 355 1276 2225 1367; baseline 0 -20"><span class='ocrx_word' id='word_1_40' title='bbox 355 1282 531 1367; x_wconf 72' lang='lat' dir='ltr'><strong>phon</strong></span> <span class='ocrx_word' id='word_1_41' title='bbox 554 1328 579 1363; x_wconf 83' lang='lat'><strong>‚</strong></span> <span class='ocrx_word' id='word_1_42' title='bbox 624 1281 929 1367; x_wconf 88' lang='lat' dir='ltr'><strong>putabat,</strong></span> <span class='ocrx_word' id='word_1_43' title='bbox 975 1300 1084 1346; x_wconf 88' lang='lat' dir='ltr'><strong>eos</strong></span> <span class='ocrx_word' id='word_1_44' title='bbox 1112 1326 1136 1361; x_wconf 85' lang='lat'>‚</span> <span class='ocrx_word' id='word_1_45' title='bbox 1181 1276 1291 1361; x_wconf 85' lang='lat' dir='ltr'><strong>qui</strong></span> <span class='ocrx_word' id='word_1_46' title='bbox 1345 1278 1581 1343; x_wconf 88' lang='lat' dir='ltr'><strong>scirent</strong></span> <span class='ocrx_word' id='word_1_47' title='bbox 1605 1326 1629 1361; x_wconf 84' lang='lat'>‚</span> <span class='ocrx_word' id='word_1_48' title='bbox 1672 1280 1830 1363; x_wconf 87' lang='lat' dir='ltr'><strong>quid</strong></span> <span class='ocrx_word' id='word_1_49' title='bbox 1873 1296 2086 1347; x_wconf 88' lang='lat' dir='ltr'><strong>essent</strong></span> <span class='ocrx_word' id='word_1_50' title='bbox 2121 1300 2225 1349; x_wconf 85' lang='lat' dir='ltr'><strong>res</strong></span> 
     </span>
     <span class='ocr_line' id='line_1_8' title="bbox 356 1394 2223 1483; baseline 0 -20"><span class='ocrx_word' id='word_1_51' title='bbox 356 1399 640 1483; x_wconf 74' lang='lat' dir='ltr'><strong>singulae</strong></span> <span class='ocrx_word' id='word_1_52' title='bbox 657 1445 681 1479; x_wconf 82' lang='lat'>,</span> <span class='ocrx_word' id='word_1_53' title='bbox 728 1413 923 1481; x_wconf 87' lang='lat' dir='ltr'><strong>posse</strong></span> <span class='ocrx_word' id='word_1_54' title='bbox 965 1395 1100 1461; x_wconf 81' lang='lat' dir='ltr'><strong>aliis</strong></span> <span class='ocrx_word' id='word_1_55' title='bbox 1147 1396 1333 1461; x_wconf 82' lang='lat' dir='ltr'><strong>e‘tiam</strong></span> <span class='ocrx_word' id='word_1_56' title='bbox 1376 1400 1506 1479; x_wconf 54' lang='lat' dir='ltr'><strong>eas}</strong></span> <span class='ocrx_word' id='word_1_57' title='bbox 1526 1394 1869 1478; x_wconf 79' lang='lat' dir='ltr'><strong>explicare:</strong></span> <span class='ocrx_word' id='word_1_58' title='bbox 1918 1397 2028 1479; x_wconf 88' lang='lat' dir='ltr'><strong>qui</strong></span> <span class='ocrx_word' id='word_1_59' title='bbox 2067 1416 2223 1465; x_wconf 88' lang='lat' dir='ltr'><strong>vero</strong></span> 
     </span>
     <span class='ocr_line' id='line_1_9' title="bbox 356 1502 2236 1595; baseline -0.001 -13"><span class='ocrx_word' id='word_1_60' title='bbox 356 1516 671 1582; x_wconf 77' lang='lat' dir='ltr'><strong>nescirent</strong></span> <span class='ocrx_word' id='word_1_61' title='bbox 692 1560 716 1595; x_wconf 89' lang='lat'><strong>,</strong></span> <span class='ocrx_word' id='word_1_62' title='bbox 761 1532 873 1580; x_wconf 89' lang='lat' dir='ltr'><strong>eos</strong></span> <span class='ocrx_word' id='word_1_63' title='bbox 914 1526 978 1578; x_wconf 90' lang='lat' dir='ltr'><strong>et</strong></span> <span class='ocrx_word' id='word_1_64' title='bbox 1036 1510 1170 1577; x_wconf 86' lang='lat' dir='ltr'><strong>falli</strong></span> <span class='ocrx_word' id='word_1_65' title='bbox 1226 1524 1292 1576; x_wconf 89' lang='lat' dir='ltr'><strong>et</strong></span> <span class='ocrx_word' id='word_1_66' title='bbox 1346 1511 1506 1577; x_wconf 82' lang='lat' dir='ltr'><strong>alios</strong></span> <span class='ocrx_word' id='word_1_67' title='bbox 1568 1528 1826 1594; x_wconf 87' lang='lat' dir='ltr'><strong>quoque</strong></span> <span class='ocrx_word' id='word_1_68' title='bbox 1879 1510 2092 1580; x_wconf 87' lang='lat' dir='ltr'><strong>fallere</strong></span> <span class='ocrx_word' id='word_1_69' title='bbox 2137 1502 2236 1587; x_wconf 48' lang='lat' dir='ltr'><strong>‘¹‘ss</strong></span> 
     </span>
     <span class='ocr_line' id='line_1_10' title="bbox 360 1601 2236 1719; baseline 0 -23"><span class='ocrx_word' id='word_1_70' title='bbox 360 1601 544 1719; x_wconf 50' lang='lat' dir='ltr'><strong>Q‘uae</strong></span> <span class='ocrx_word' id='word_1_71' title='bbox 594 1631 927 1698; x_wconf 81' lang='lat' dir='ltr'><strong>definiendi</strong></span> <span class='ocrx_word' id='word_1_72' title='bbox 976 1630 1135 1695; x_wconf 89' lang='lat' dir='ltr'><strong>ratio</strong></span> <span class='ocrx_word' id='word_1_73' title='bbox 1197 1647 1330 1695; x_wconf 88' lang='lat' dir='ltr'><strong>non</strong></span> <span class='ocrx_word' id='word_1_74' title='bbox 1385 1628 1664 1713; x_wconf 83' lang='lat' dir='ltr'><strong>vulgaris</strong></span> <span class='ocrx_word' id='word_1_75' title='bbox 1727 1627 1831 1694; x_wconf 87' lang='lat' dir='ltr'><strong>illa</strong></span> <span class='ocrx_word' id='word_1_76' title='bbox 1869 1604 2063 1711; x_wconf 82' lang='lat' dir='ltr'><strong>erat,</strong></span> <span class='ocrx_word' id='word_1_77' title='bbox 2106 1648 2236 1713; x_wconf 75' lang='lat' dir='ltr'><strong>qua</strong></span> 
     </span>
     <span class='ocr_line' id='line_1_11' title="bbox 361 1744 2236 1836; baseline -0.002 -19"><span class='ocrx_word' id='word_1_78' title='bbox 361 1747 669 1817; x_wconf 59' lang='lat' dir='ltr'><strong>Vocabula</strong></span> <span class='ocrx_word' id='word_1_79' title='bbox 733 1746 920 1835; x_wconf 79' lang='lat' dir='ltr'><strong>obvia</strong></span> <span class='ocrx_word' id='word_1_80' title='bbox 980 1745 1118 1813; x_wconf 88' lang='lat' dir='ltr'><strong>aliis</strong></span> <span class='ocrx_word' id='word_1_81' title='bbox 1175 1744 1505 1813; x_wconf 82' lang='lat' dir='ltr'><strong>vocabulis</strong></span> <span class='ocrx_word' id='word_1_82' title='bbox 1551 1744 2049 1836; x_wconf 77' lang='lat' dir='ltr'><strong>declararentur:</strong></span> <span class='ocrx_word' id='word_1_83' title='bbox 2132 1766 2236 1813; x_wconf 74' lang='lat' dir='ltr'><strong>res</strong></span> 
     </span>
     <span class='ocr_line' id='line_1_12' title="bbox 363 1858 2235 1949; baseline 0 -18"><span class='ocrx_word' id='word_1_84' title='bbox 363 1865 472 1932; x_wconf 87' lang='lat' dir='ltr'><strong>ille</strong></span> <span class='ocrx_word' id='word_1_85' title='bbox 490 1872 525 1947; x_wconf 79' lang='grc'><strong>,’</strong></span> <span class='ocrx_word' id='word_1_86' title='bbox 582 1883 713 1931; x_wconf 92' lang='lat' dir='ltr'><strong>non</strong></span> <span class='ocrx_word' id='word_1_87' title='bbox 755 1882 945 1931; x_wconf 84' lang='lat' dir='ltr'><strong>voces</strong></span> <span class='ocrx_word' id='word_1_88' title='bbox 1010 1863 1356 1949; x_wconf 77' lang='lat' dir='ltr'><strong>spectabat.</strong></span> <span class='ocrx_word' id='word_1_89' title='bbox 1489 1858 1711 1929; x_wconf 91' lang='lat' dir='ltr'><strong>Veluti</strong></span> <span class='ocrx_word' id='word_1_90' title='bbox 1767 1880 1963 1945; x_wconf 87' lang='lat' dir='ltr'><strong>quum</strong></span> <span class='ocrx_word' id='word_1_91' title='bbox 2024 1880 2235 1949; x_wconf 88' lang='lat' dir='ltr'><strong>ageret</strong></span> 
     </span>
     <span class='ocr_line' id='line_1_13' title="bbox 363 1974 2242 2068; baseline -0.001 -20"><span class='ocrx_word' id='word_1_92' title='bbox 363 2000 508 2048; x_wconf 88' lang='lat' dir='ltr'><strong>cum</strong></span> <span class='ocrx_word' id='word_1_93' title='bbox 559 1981 965 2067; x_wconf 85' lang='lat' dir='ltr'><strong>Euthydemo</strong></span> <span class='ocrx_word' id='word_1_94' title='bbox 1013 1983 1093 2049; x_wconf 94' lang='lat' dir='ltr'><strong>de</strong></span> <span class='ocrx_word' id='word_1_95' title='bbox 1131 1981 1416 2068; x_wconf 79' lang='lat' dir='ltr'><strong>iustitia,</strong></span> <span class='ocrx_word' id='word_1_96' title='bbox 1461 1996 1593 2046; x_wconf 89' lang='lat' dir='ltr'><strong>non</strong></span> <span class='ocrx_word' id='word_1_97' title='bbox 1637 1999 1862 2048; x_wconf 85' lang='lat' dir='ltr'><strong>vocem</strong></span> <span class='ocrx_word' id='word_1_98' title='bbox 1911 1974 2122 2065; x_wconf 74' lang='lat' dir='ltr'><strong>ha&#39;nc&#39;,</strong></span> <span class='ocrx_word' id='word_1_99' title='bbox 2165 1996 2242 2047; x_wconf 89' lang='lat' dir='ltr'><strong>ut</strong></span> 
     </span>
     <span class='ocr_line' id='line_1_14' title="bbox 363 2074 2245 2186; baseline -0.004 -15"><span class='ocrx_word' id='word_1_100' title='bbox 363 2095 595 2186; x_wconf 84' lang='lat' dir='ltr'><strong>Logici</strong></span> <span class='ocrx_word' id='word_1_101' title='bbox 652 2099 784 2166; x_wconf 84' lang='lat' dir='ltr'><strong>fere</strong></span> <span class='ocrx_word' id='word_1_102' title='bbox 826 2102 1035 2166; x_wconf 84' lang='lat' dir='ltr'><strong>solent</strong></span> <span class='ocrx_word' id='word_1_103' title='bbox 1058 2146 1085 2182; x_wconf 87' lang='lat'>,</span> <span class='ocrx_word' id='word_1_104' title='bbox 1126 2100 1320 2182; x_wconf 86' lang='lat' dir='ltr'><strong>longo</strong></span> <span class='ocrx_word' id='word_1_105' title='bbox 1381 2074 1720 2165; x_wconf 83' lang='lat' dir='ltr'><strong>verborum</strong></span> <span class='ocrx_word' id='word_1_106' title='bbox 1760 2099 1999 2167; x_wconf 89' lang='lat' dir='ltr'><strong>ambitu</strong></span> <span class='ocrx_word' id='word_1_107' title='bbox 2047 2098 2245 2166; x_wconf 86' lang='lat' dir='ltr'><strong>inter·</strong></span> 
     </span>
     <span class='ocr_line' id='line_1_15' title="bbox 363 2195 2245 2302; baseline -0.001 -20"><span class='ocrx_word' id='word_1_108' title='bbox 363 2218 594 2302; x_wconf 87' lang='lat' dir='ltr'><strong>pretari</strong></span> <span class='ocrx_word' id='word_1_109' title='bbox 656 2216 1039 2282; x_wconf 85' lang='lat' dir='ltr'><strong>conabatur:</strong></span> <span class='ocrx_word' id='word_1_110' title='bbox 1127 2216 1239 2281; x_wconf 87' lang='lat' dir='ltr'><strong>sed</strong></span> <span class='ocrx_word' id='word_1_111' title='bbox 1301 2195 1588 2281; x_wconf 84' lang='lat' dir='ltr'><strong>homines</strong></span> <span class='ocrx_word' id='word_1_112' title='bbox 1646 2217 1981 2296; x_wconf 87' lang='lat' dir='ltr'><strong>quaerebat</strong></span> <span class='ocrx_word' id='word_1_113' title='bbox 2037 2204 2245 2283; x_wconf 52' lang='lat' dir='ltr'><strong>contiss</strong></span> 
     </span>
     <span class='ocr_line' id='line_1_16' title="bbox 369 2318 2243 2419; baseline 0 -19"><span class='ocrx_word' id='word_1_114' title='bbox 369 2352 543 2415; x_wconf 82' lang='lat' dir='ltr'><strong>nuo,</strong></span> <span class='ocrx_word' id='word_1_115' title='bbox 587 2318 701 2416; x_wconf 85' lang='lat' dir='ltr'><strong>qui</strong></span> <span class='ocrx_word' id='word_1_116' title='bbox 761 2318 1005 2398; x_wconf 57' lang='lat' dir='ltr'><strong>essent*</strong></span> <span class='ocrx_word' id='word_1_117' title='bbox 1031 2331 1373 2415; x_wconf 78' lang='lat' dir='ltr'><strong>sapienteS.</strong></span> <span class='ocrx_word' id='word_1_118' title='bbox 1483 2330 1866 2416; x_wconf 76' lang='lat' dir='ltr'><strong>Sapientiam</strong></span> <span class='ocrx_word' id='word_1_119' title='bbox 1894 2380 1919 2414; x_wconf 89' lang='lat'><strong>‚</strong></span> <span class='ocrx_word' id='word_1_120' title='bbox 1985 2335 2243 2419; x_wconf 87' lang='lat' dir='ltr'><strong>inquit,</strong></span> 
     </span>
     <span class='ocr_line' id='line_1_17' title="bbox 375 2446 2249 2535; baseline 0.002 -20"><span class='ocrx_word' id='word_1_121' title='bbox 375 2450 530 2534; x_wconf 87' lang='lat' dir='ltr'><strong>qui&#39;d</strong></span> <span class='ocrx_word' id='word_1_122' title='bbox 585 2468 726 2516; x_wconf 88' lang='lat' dir='ltr'><strong>esse</strong></span> <span class='ocrx_word' id='word_1_123' title='bbox 786 2447 1115 2514; x_wconf 69' lang='lat' dir='ltr'><strong>dicamus?</strong></span> <span class='ocrx_word' id='word_1_124' title='bbox 1159 2447 1282 2515; x_wconf 86' lang='lat' dir='ltr'><strong>Dic</strong></span> <span class='ocrx_word' id='word_1_125' title='bbox 1329 2446 1482 2514; x_wconf 87' lang='lat' dir='ltr'><strong>mihi</strong></span> <span class='ocrx_word' id='word_1_126' title='bbox 1509 2468 1532 2514; x_wconf 73' lang='lat' dir='ltr'>z</span> <span class='ocrx_word' id='word_1_127' title='bbox 1577 2462 1787 2515; x_wconf 90' lang='lat' dir='ltr'><strong>utrum</strong></span> <span class='ocrx_word' id='word_1_128' title='bbox 1838 2450 1952 2517; x_wconf 85' lang='lat' dir='ltr'><strong>tibi</strong></span> <span class='ocrx_word' id='word_1_129' title='bbox 2000 2449 2249 2535; x_wconf 84' lang='lat' dir='ltr'><strong>sapien-</strong></span> 
     </span>
     <span class='ocr_line' id='line_1_18' title="bbox 372 2552 2246 2649; baseline 0.002 -17"><span class='ocrx_word' id='word_1_130' title='bbox 372 2580 470 2632; x_wconf 86' lang='lat' dir='ltr'><strong>tes</strong></span> <span class='ocrx_word' id='word_1_131' title='bbox 521 2566 589 2631; x_wconf 88' lang='lat' dir='ltr'><strong>in</strong></span> <span class='ocrx_word' id='word_1_132' title='bbox 642 2559 721 2630; x_wconf 84' lang='lat' dir='ltr'><strong>iis</strong></span> <span class='ocrx_word' id='word_1_133' title='bbox 746 2614 770 2648; x_wconf 89' lang='lat'><strong>‚</strong></span> <span class='ocrx_word' id='word_1_134' title='bbox 806 2583 996 2647; x_wconf 89' lang='lat' dir='ltr'><strong>·quae</strong></span> <span class='ocrx_word' id='word_1_135' title='bbox 1045 2578 1328 2647; x_wconf 89' lang='lat' dir='ltr'><strong>norunt,</strong></span> <span class='ocrx_word' id='word_1_136' title='bbox 1413 2565 1724 2649; x_wconf 88' lang='lat' dir='ltr'><strong>sapientes</strong></span> <span class='ocrx_word' id='word_1_137' title='bbox 1784 2586 1925 2635; x_wconf 91' lang='lat' dir='ltr'><strong>esse</strong></span> <span class='ocrx_word' id='word_1_138' title='bbox 1989 2552 2246 2636; x_wconf 79' lang='lat' dir='ltr'><strong>videan-</strong></span> 
     </span>
     <span class='ocr_line' id='line_1_19' title="bbox 375 2660 2249 2769; baseline 0.002 -20"><span class='ocrx_word' id='word_1_139' title='bbox 375 2697 526 2764; x_wconf 86' lang='lat' dir='ltr'><strong>tur,</strong></span> <span class='ocrx_word' id='word_1_140' title='bbox 631 2700 708 2748; x_wconf 91' lang='lat' dir='ltr'><strong>an</strong></span> <span class='ocrx_word' id='word_1_141' title='bbox 785 2681 981 2762; x_wconf 83' lang='lat' dir='ltr'><strong>aliqui</strong></span> <span class='ocrx_word' id='word_1_142' title='bbox 1063 2681 1189 2745; x_wconf 83' lang='lat' dir='ltr'><strong>sint</strong></span> <span class='ocrx_word' id='word_1_143' title='bbox 1236 2679 1331 2746; x_wconf 81' lang='lat' dir='ltr'><strong>&#39;in</strong></span> <span class='ocrx_word' id='word_1_144' title='bbox 1392 2660 1478 2746; x_wconf 51' lang='lat' dir='ltr'><strong>“iis</strong></span> <span class='ocrx_word' id='word_1_145' title='bbox 1543 2684 1854 2767; x_wconf 82' lang='lat' dir='ltr'><strong>sapientes</strong></span> <span class='ocrx_word' id='word_1_146' title='bbox 1926 2705 2092 2769; x_wconf 90' lang='lat' dir='ltr'><strong>quae</strong></span> <span class='ocrx_word' id='word_1_147' title='bbox 2136 2706 2249 2753; x_wconf 89' lang='lat' dir='ltr'><strong>ne-</strong></span> 
     </span>
     <span class='ocr_line' id='line_1_20' title="bbox 378 2796 2256 2883; baseline 0.002 -18"><span class='ocrx_word' id='word_1_148' title='bbox 378 2799 639 2867; x_wconf 71' lang='lat' dir='ltr'><strong>sciunt?</strong></span> <span class='ocrx_word' id='word_1_149' title='bbox 682 2832 777 2848; x_wconf 91' lang='lat'><strong>—</strong></span> <span class='ocrx_word' id='word_1_150' title='bbox 816 2796 1134 2869; x_wconf 78' lang='lat' dir='ltr'><strong>Nimirum</strong></span> <span class='ocrx_word' id='word_1_151' title='bbox 1180 2797 1241 2860; x_wconf 89' lang='lat' dir='ltr'><strong>in</strong></span> <span class='ocrx_word' id='word_1_152' title='bbox 1281 2796 1404 2860; x_wconf 88' lang='lat' dir='ltr'><strong>illis</strong></span> <span class='ocrx_word' id='word_1_153' title='bbox 1449 2798 1764 2880; x_wconf 66' lang='lat' dir='ltr'><strong>sapientes</strong></span> <span class='ocrx_word' id='word_1_154' title='bbox 1824 2813 1975 2864; x_wconf 90' lang='lat' dir='ltr'><strong>sunt</strong></span> <span class='ocrx_word' id='word_1_155' title='bbox 1999 2847 2024 2882; x_wconf 84' lang='lat'>,</span> <span class='ocrx_word' id='word_1_156' title='bbox 2092 2820 2256 2883; x_wconf 90' lang='lat' dir='ltr'><strong>quae</strong></span> 
     </span>
     <span class='ocr_line' id='line_1_21' title="bbox 377 2888 2344 3000; baseline 0 -17"><span class='ocrx_word' id='word_1_157' title='bbox 377 2915 628 2985; x_wconf 82' lang='lat' dir='ltr'><strong>sciunt:</strong></span> <span class='ocrx_word' id='word_1_158' title='bbox 716 2932 856 2978; x_wconf 88' lang='lat' dir='ltr'><strong>nam</strong></span> <span class='ocrx_word' id='word_1_159' title='bbox 920 2912 1030 2995; x_wconf 87' lang='lat' dir='ltr'><strong>qui</strong></span> <span class='ocrx_word' id='word_1_160' title='bbox 1056 2910 1295 2995; x_wconf 76' lang='lat' dir='ltr'><strong>³possit</strong></span> <span class='ocrx_word' id='word_1_161' title='bbox 1361 2911 1591 2993; x_wconf 86' lang='lat' dir='ltr'><strong>aliquis</strong></span> <span class='ocrx_word' id='word_1_162' title='bbox 1659 2932 1799 2981; x_wconf 86' lang='lat' dir='ltr'><strong>esse</strong></span> <span class='ocrx_word' id='word_1_163' title='bbox 1853 2914 2105 3000; x_wconf 83' lang='lat' dir='ltr'><strong>sapiens</strong></span> <span class='ocrx_word' id='word_1_164' title='bbox 2180 2916 2247 2984; x_wconf 87' lang='lat' dir='ltr'><strong>in</strong></span> <span class='ocrx_word' id='word_1_165' title='bbox 2333 2888 2344 2905; x_wconf 57' lang='lat'><strong>⁹</strong></span> 
     </span>
     <span class='ocr_line' id='line_1_22' title="bbox 375 3020 2252 3116; baseline 0 -15"><span class='ocrx_word' id='word_1_166' title='bbox 375 3033 547 3115; x_wconf 85' lang='lat' dir='ltr'><strong>illis,</strong></span> <span class='ocrx_word' id='word_1_167' title='bbox 592 3049 753 3116; x_wconf 89' lang='lat' dir='ltr'><strong>quae</strong></span> <span class='ocrx_word' id='word_1_168' title='bbox 785 3027 1037 3097; x_wconf 70' lang='lat' dir='ltr'><strong>nescit?</strong></span> <span class='ocrx_word' id='word_1_169' title='bbox 1078 3063 1177 3082; x_wconf 90' lang='lat'>-</span> <span class='ocrx_word' id='word_1_170' title='bbox 1211 3028 1388 3095; x_wconf 89' lang='lat' dir='ltr'><strong>Num</strong></span> <span class='ocrx_word' id='word_1_171' title='bbox 1414 3027 1606 3114; x_wconf 83' lang='lat' dir='ltr'><strong>igitur</strong></span> <span class='ocrx_word' id='word_1_172' title='bbox 1646 3031 2002 3115; x_wconf 87' lang='lat' dir='ltr'><strong>sapientes,</strong></span> <span class='ocrx_word' id='word_1_173' title='bbox 2045 3020 2252 3101; x_wconf 79' lang='lat' dir='ltr'><strong>scien·</strong></span> 
     </span>
     <span class='ocr_line' id='line_1_23' title="bbox 380 3144 2340 3235; baseline 0.002 -18"><span class='ocrx_word' id='word_1_174' title='bbox 380 3152 473 3219; x_wconf 72' lang='lat' dir='ltr'><strong>t&#39;ia</strong></span> <span class='ocrx_word' id='word_1_175' title='bbox 530 3164 681 3216; x_wconf 87' lang='lat' dir='ltr'><strong>sunt</strong></span> <span class='ocrx_word' id='word_1_176' title='bbox 748 3145 1122 3231; x_wconf 65' lang='lat' dir='ltr'><strong>sapientes?</strong></span> <span class='ocrx_word' id='word_1_177' title='bbox 1190 3181 1286 3199; x_wconf 89' lang='lat'><strong>--</strong></span> <span class='ocrx_word' id='word_1_178' title='bbox 1346 3144 1633 3235; x_wconf 85' lang='lat' dir='ltr'><strong>Quanam</strong></span> <span class='ocrx_word' id='word_1_179' title='bbox 1695 3149 1811 3215; x_wconf 89' lang='lat' dir='ltr'><strong>alia</strong></span> <span class='ocrx_word' id='word_1_180' title='bbox 1875 3168 1946 3216; x_wconf 91' lang='lat' dir='ltr'><strong>re</strong></span> <span class='ocrx_word' id='word_1_181' title='bbox 2005 3151 2255 3235; x_wconf 87' lang='lat' dir='ltr'><strong>sapiens</strong></span> <span class='ocrx_word' id='word_1_182' title='bbox 2331 3216 2340 3221; x_wconf 83' lang='lat'><strong>.</strong></span> 
     </span>
     <span class='ocr_line' id='line_1_24' title="bbox 385 3254 2252 3349; baseline 0.001 -15"><span class='ocrx_word' id='word_1_183' title='bbox 385 3267 614 3349; x_wconf 75' lang='lat' dir='ltr'><strong>aliquis</strong></span> <span class='ocrx_word' id='word_1_184' title='bbox 676 3265 910 3346; x_wconf 85' lang='lat' dir='ltr'><strong>fuerit,</strong></span> <span class='ocrx_word' id='word_1_185' title='bbox 975 3264 1030 3330; x_wconf 85' lang='lat' dir='ltr'><strong>si</strong></span> <span class='ocrx_word' id='word_1_186' title='bbox 1086 3282 1215 3330; x_wconf 89' lang='lat' dir='ltr'><strong>non</strong></span> <span class='ocrx_word' id='word_1_187' title='bbox 1287 3254 1610 3331; x_wconf 63' lang='lat' dir='ltr'><strong>scientia?</strong></span> <span class='ocrx_word' id='word_1_188' title='bbox 1693 3305 1781 3319; x_wconf 89' lang='lat'>-</span> <span class='ocrx_word' id='word_1_189' title='bbox 1842 3264 2016 3340; x_wconf 91' lang='lat' dir='ltr'><strong>Num</strong></span> <span class='ocrx_word' id='word_1_190' title='bbox 2101 3286 2252 3335; x_wconf 84' lang='lat' dir='ltr'><strong>vero</strong></span> 
     </span>
     <span class='ocr_line' id='line_1_25' title="bbox 383 3382 2257 3477; baseline 0.003 -28"><span class='ocrx_word' id='word_1_191' title='bbox 383 3397 571 3471; x_wconf 87' lang='lat' dir='ltr'><strong>putas</strong></span> <span class='ocrx_word' id='word_1_192' title='bbox 592 3382 952 3464; x_wconf 66' lang='lat' dir='ltr'><strong>‚quiddam</strong></span> <span class='ocrx_word' id='word_1_193' title='bbox 1000 3382 1167 3448; x_wconf 87' lang='lat' dir='ltr'><strong>aliud</strong></span> <span class='ocrx_word' id='word_1_194' title='bbox 1233 3401 1372 3477; x_wconf 83' lang='lat' dir='ltr'><strong>esse</strong></span> <span class='ocrx_word' id='word_1_195' title='bbox 1428 3382 1788 3465; x_wconf 84' lang='lat' dir='ltr'><strong>sapientiam</strong></span> <span class='ocrx_word' id='word_1_196' title='bbox 1817 3430 1843 3466; x_wconf 86' lang='lat'>‚</span> <span class='ocrx_word' id='word_1_197' title='bbox 1889 3382 2257 3475; x_wconf 85' lang='lat' dir='ltr'><strong>quamquo</strong></span> 
     </span>
     <span class='ocr_line' id='line_1_26' title="bbox 378 3486 2264 3581; baseline -0.005 -12"><span class='ocrx_word' id='word_1_198' title='bbox 378 3499 679 3569; x_wconf 79' lang='lat' dir='ltr'><strong>&#39;homines</strong></span> <span class='ocrx_word' id='word_1_199' title='bbox 717 3497 1025 3579; x_wconf 86' lang='lat' dir='ltr'><strong>sapientes</strong></span> <span class='ocrx_word' id='word_1_200' title='bbox 1067 3510 1214 3563; x_wconf 84' lang='lat' dir='ltr'><strong>sunt</strong></span> <span class='ocrx_word' id='word_1_201' title='bbox 1237 3497 1274 3564; x_wconf 74' lang='lat'><strong>⁴3</strong></span> <span class='ocrx_word' id='word_1_202' title='bbox 1318 3535 1408 3552; x_wconf 92' lang='lat'>-</span> <span class='ocrx_word' id='word_1_203' title='bbox 1446 3499 1603 3566; x_wconf 89' lang='lat' dir='ltr'><strong>Non</strong></span> <span class='ocrx_word' id='word_1_204' title='bbox 1653 3500 1968 3581; x_wconf 81' lang='lat' dir='ltr'><strong>equidem.</strong></span> <span class='ocrx_word' id='word_1_205' title='bbox 2006 3538 2104 3557; x_wconf 87' lang='lat'><strong>--</strong></span> <span class='ocrx_word' id='word_1_206' title='bbox 2139 3486 2264 3572; x_wconf 79' lang='lat' dir='ltr'><strong>Er&#39;·</strong></span> 
     </span>
     <span class='ocr_line' id='line_1_27' title="bbox 388 3612 2259 3706; baseline 0.003 -22"><span class='ocrx_word' id='word_1_207' title='bbox 388 3622 474 3706; x_wconf 82' lang='lat' dir='ltr'><strong>&#39;go</strong></span> <span class='ocrx_word' id='word_1_208' title='bbox 526 3612 832 3699; x_wconf 84' lang='lat' dir='ltr'><strong>sapientia</strong></span> <span class='ocrx_word' id='word_1_209' title='bbox 878 3628 975 3679; x_wconf 90' lang='lat' dir='ltr'><strong>est</strong></span> <span class='ocrx_word' id='word_1_210' title='bbox 1032 3613 1350 3682; x_wconf 69' lang='lat' dir='ltr'><strong>scientia?</strong></span> <span class='ocrx_word' id='word_1_211' title='bbox 1407 3653 1502 3678; x_wconf 81' lang='lat'><strong>—-</strong></span> <span class='ocrx_word' id='word_1_212' title='bbox 1559 3616 1731 3682; x_wconf 91' lang='lat' dir='ltr'><strong>Mihi</strong></span> <span class='ocrx_word' id='word_1_213' title='bbox 1784 3617 2033 3702; x_wconf 87' lang='lat' dir='ltr'><strong>quidem</strong></span> <span class='ocrx_word' id='word_1_214' title='bbox 2082 3622 2259 3689; x_wconf 50' lang='lat' dir='ltr'><strong>videa</strong></span> 
     </span>
     <span class='ocr_line' id='line_1_28' title="bbox 386 3724 2261 3827; baseline 0.001 -24"><span class='ocrx_word' id='word_1_215' title='bbox 386 3750 521 3803; x_wconf 84' lang='lat' dir='ltr'><strong>tur.</strong></span> <span class='ocrx_word' id='word_1_216' title='bbox 564 3772 656 3789; x_wconf 91' lang='lat'><strong>--</strong></span> <span class='ocrx_word' id='word_1_217' title='bbox 693 3731 955 3815; x_wconf 85' lang='lat' dir='ltr'><strong>Ergone</strong></span> <span class='ocrx_word' id='word_1_218' title='bbox 1014 3730 1129 3797; x_wconf 88' lang='lat' dir='ltr'><strong>tibi</strong></span> <span class='ocrx_word' id='word_1_219' title='bbox 1181 3730 1433 3798; x_wconf 83' lang='lat' dir='ltr'><strong>videtur</strong></span> <span class='ocrx_word' id='word_1_220' title='bbox 1459 3732 1843 3827; x_wconf 69' lang='lat' dir='ltr'><strong>,jhominem</strong></span> <span class='ocrx_word' id='word_1_221' title='bbox 1901 3754 2000 3803; x_wconf 85' lang='lat' dir='ltr'><strong>res</strong></span> <span class='ocrx_word' id='word_1_222' title='bbox 2043 3724 2261 3805; x_wconf 79' lang='lat' dir='ltr'><strong>omne&#39;s</strong></span> 
     </span>
    </p>

    <p class='ocr_par' dir='ltr' id='par_1_3' title="bbox 278 3844 2274 4178">
     <span class='ocr_line' id='line_1_29' title="bbox 395 3844 2264 3938; baseline 0.001 -20"><span class='ocrx_word' id='word_1_223' title='bbox 395 3852 579 3920; x_wconf 82' lang='lat' dir='ltr'><strong>scire·</strong></span> <span class='ocrx_word' id='word_1_224' title='bbox 610 3845 869 3938; x_wconf 68' lang='lat' dir='ltr'><strong>posse?</strong></span> <span class='ocrx_word' id='word_1_225' title='bbox 903 3882 992 3902; x_wconf 69' lang='grc'><strong>«-</strong></span> <span class='ocrx_word' id='word_1_226' title='bbox 1030 3847 1173 3917; x_wconf 88' lang='lat' dir='ltr'><strong>1m0</strong></span> <span class='ocrx_word' id='word_1_227' title='bbox 1222 3844 1357 3918; x_wconf 86' lang='lat' dir='ltr'><strong>nec‘·</strong></span> <span class='ocrx_word' id='word_1_228' title='bbox 1395 3864 1638 3936; x_wconf 82' lang='lat' dir='ltr'><strong>partem</strong></span> <span class='ocrx_word' id='word_1_229' title='bbox 1692 3852 1845 3920; x_wconf 79' lang='lat' dir='ltr'><strong>adeo</strong></span> <span class='ocrx_word' id='word_1_230' title='bbox 1903 3872 2116 3921; x_wconf 7' lang='lat' dir='ltr'><strong>rerum?</strong></span> <span class='ocrx_word' id='word_1_231' title='bbox 2150 3853 2264 3919; x_wconf 76' lang='lat' dir='ltr'><strong>ali-</strong></span> 
     </span>
     <span class='ocr_line' id='line_1_30' title="bbox 278 3950 2271 4052; baseline 0 -19"><span class='ocrx_word' id='word_1_232' title='bbox 278 3956 289 3965; x_wconf 76' lang='grc'><strong>’</strong></span> <span class='ocrx_word' id='word_1_233' title='bbox 390 3988 409 3999; x_wconf 89' lang='grc'><em>·</em></span> <span class='ocrx_word' id='word_1_234' title='bbox 1483 3950 1492 3956; x_wconf 59' lang='grc'><strong>’</strong></span> <span class='ocrx_word' id='word_1_235' title='bbox 2049 3983 2271 4052; x_wconf 77' lang='lat' dir='ltr'><strong>quam-</strong></span> 
     </span>
     <span class='ocr_line' id='line_1_31' title="bbox 473 4070 2274 4178; baseline -0.001 -19"><span class='ocrx_word' id='word_1_236' title='bbox 473 4104 563 4176; x_wconf 79' lang='grc' dir='ltr'><strong>(ι)</strong></span> <span class='ocrx_word' id='word_1_237' title='bbox 598 4103 828 4165; x_wconf 72' lang='lat' dir='ltr'><strong>mmor.</strong></span> <span class='ocrx_word' id='word_1_238' title='bbox 858 4105 968 4168; x_wconf 76' lang='lat' dir='ltr'><strong>tv.</strong></span> <span class='ocrx_word' id='word_1_239' title='bbox 1000 4105 1053 4162; x_wconf 70' lang='lat'><strong>6.</strong></span> <span class='ocrx_word' id='word_1_240' title='bbox 1090 4094 1146 4178; x_wconf 58' lang='grc' dir='ltr'><strong>Β.</strong></span> <span class='ocrx_word' id='word_1_241' title='bbox 1183 4121 1233 4161; x_wconf 84' lang='grc' dir='ltr'><strong>ι.</strong></span> <span class='ocrx_word' id='word_1_242' title='bbox 1851 4070 1858 4079; x_wconf 26' lang='grc' dir='ltr'>υ</span> <span class='ocrx_word' id='word_1_243' title='bbox 2035 4088 2044 4097; x_wconf 67' lang='grc'>’</span> <span class='ocrx_word' id='word_1_244' title='bbox 2136 4082 2146 4093; x_wconf 65' lang='grc'><strong>’</strong></span> <span class='ocrx_word' id='word_1_245' title='bbox 2269 4098 2274 4103; x_wconf 71' lang='grc'>’</span> 
     </span>
    </p>
   </div>
  </div>
 </body>
</html>
