<?xml version="1.0" encoding="UTF-8"?>
<!DOCTYPE html PUBLIC "-//W3C//DTD XHTML 1.0 Transitional//EN"
    "http://www.w3.org/TR/xhtml1/DTD/xhtml1-transitional.dtd">
<html xmlns="http://www.w3.org/1999/xhtml" xml:lang="en" lang="en">
 <head>
  <title>
</title>
<meta http-equiv="Content-Type" content="text/html;charset=utf-8" />
  <meta name='ocr-system' content='tesseract 3.04.00' />
  <meta name='ocr-capabilities' content='ocr_page ocr_carea ocr_par ocr_line ocrx_word'/>
</head>
<body>
  <div class='ocr_page' id='page_1' title='image "./initiaphilosoph06heusgoog/initiaphilosoph06heusgoog_0219.png"; bbox 0 0 2900 4817; ppageno 0'>
   <div class='ocr_carea' id='block_1_1' title="bbox 1064 500 1428 569">
    <p class='ocr_par' dir='ltr' id='par_1_1' title="bbox 1064 500 1428 569">
     <span class='ocr_line' id='line_1_1' title="bbox 1064 500 1428 569; baseline 0 -58"><span class='ocrx_word' id='word_1_1' title='bbox 1064 500 1428 569; x_wconf 65' lang='lat' dir='ltr'><strong>·-÷-s7-</strong></span> 
     </span>
    </p>
   </div>
   <div class='ocr_carea' id='block_1_2' title="bbox 228 667 2202 4161">
    <p class='ocr_par' dir='ltr' id='par_1_2' title="bbox 228 667 2200 2047">
     <span class='ocr_line' id='line_1_2' title="bbox 314 667 2200 773; baseline 0.003 -38"><span class='ocrx_word' id='word_1_2' title='bbox 314 669 433 765; x_wconf 64' lang='lat' dir='ltr'><strong>fini</strong></span> <span class='ocrx_word' id='word_1_3' title='bbox 496 687 677 753; x_wconf 82' lang='lat' dir='ltr'><strong>aegre</strong></span> <span class='ocrx_word' id='word_1_4' title='bbox 739 668 823 733; x_wconf 81' lang='lat' dir='ltr'><strong>ad</strong></span> <span class='ocrx_word' id='word_1_5' title='bbox 873 668 1233 751; x_wconf 83' lang='lat' dir='ltr'><strong>disciplinas</strong></span> <span class='ocrx_word' id='word_1_6' title='bbox 1296 667 1624 773; x_wconf 71' lang='lat' dir='ltr'><strong>procedit,</strong></span> <span class='ocrx_word' id='word_1_7' title='bbox 1706 670 1976 754; x_wconf 81' lang='lat' dir='ltr'><strong>juvenili</strong></span> <span class='ocrx_word' id='word_1_8' title='bbox 2025 690 2200 767; x_wconf 58' lang='lat' dir='ltr'><strong>prae*-</strong></span> 
     </span>
     <span class='ocr_line' id='line_1_3' title="bbox 314 786 2199 873; baseline 0.001 -20"><span class='ocrx_word' id='word_1_9' title='bbox 314 788 524 855; x_wconf 82' lang='lat' dir='ltr'><strong>scrtim</strong></span> <span class='ocrx_word' id='word_1_10' title='bbox 574 800 825 866; x_wconf 77' lang='lat' dir='ltr'><strong>aetate,</strong></span> <span class='ocrx_word' id='word_1_11' title='bbox 910 787 1176 852; x_wconf 81' lang='lat' dir='ltr'>necdum</span> <span class='ocrx_word' id='word_1_12' title='bbox 1237 786 1476 851; x_wconf 82' lang='lat' dir='ltr'><strong>ratione</strong></span> <span class='ocrx_word' id='word_1_13' title='bbox 1541 788 1903 855; x_wconf 81' lang='lat' dir='ltr'><strong>discernens</strong></span> <span class='ocrx_word' id='word_1_14' title='bbox 1929 836 1955 870; x_wconf 89' lang='lat'>‚</span> <span class='ocrx_word' id='word_1_15' title='bbox 2042 790 2199 873; x_wconf 88' lang='lat' dir='ltr'><strong>quid</strong></span> 
     </span>
     <span class='ocr_line' id='line_1_4' title="bbox 312 903 2196 987; baseline 0.001 -17"><span class='ocrx_word' id='word_1_16' title='bbox 312 907 471 979; x_wconf 74' lang='lat' dir='ltr'><strong>utile</strong></span> <span class='ocrx_word' id='word_1_17' title='bbox 528 906 609 969; x_wconf 89' lang='lat' dir='ltr'><strong>sit</strong></span> <span class='ocrx_word' id='word_1_18' title='bbox 674 904 828 987; x_wconf 88' lang='lat' dir='ltr'><strong>quid</strong></span> <span class='ocrx_word' id='word_1_19' title='bbox 888 922 1061 984; x_wconf 88' lang='lat' dir='ltr'><strong>non,</strong></span> <span class='ocrx_word' id='word_1_20' title='bbox 1140 921 1256 969; x_wconf 85' lang='lat' dir='ltr'><strong>nec</strong></span> <span class='ocrx_word' id='word_1_21' title='bbox 1315 903 1672 970; x_wconf 85' lang='lat' dir='ltr'><strong>studiosum</strong></span> <span class='ocrx_word' id='word_1_22' title='bbox 1734 922 1876 971; x_wconf 88' lang='lat' dir='ltr'><strong>esse</strong></span> <span class='ocrx_word' id='word_1_23' title='bbox 1916 904 2196 972; x_wconf 83' lang='lat' dir='ltr'><strong>dicemus</strong></span> 
     </span>
     <span class='ocr_line' id='line_1_5' title="bbox 312 1020 2198 1113; baseline -0.001 -24"><span class='ocrx_word' id='word_1_24' title='bbox 312 1041 451 1111; x_wconf 70' lang='lat' dir='ltr'><strong>nce⁸</strong></span> <span class='ocrx_word' id='word_1_25' title='bbox 478 1026 843 1113; x_wconf 67' lang='grc' dir='ltr'><strong><em>Φιλόσοφονι</em></strong></span> <span class='ocrx_word' id='word_1_26' title='bbox 918 1022 1442 1104; x_wconf 85' lang='lat' dir='ltr'><strong>quemadmodum</strong></span> <span class='ocrx_word' id='word_1_27' title='bbox 1469 1021 1672 1087; x_wconf 88' lang='lat' dir='ltr'><strong>-illum</strong></span> <span class='ocrx_word' id='word_1_28' title='bbox 1695 1068 1720 1099; x_wconf 86' lang='lat'>‚</span> <span class='ocrx_word' id='word_1_29' title='bbox 1795 1021 1905 1105; x_wconf 91' lang='lat' dir='ltr'><strong>qui</strong></span> <span class='ocrx_word' id='word_1_30' title='bbox 1953 1020 2198 1088; x_wconf 79' lang='lat' dir='ltr'><strong>fastidit</strong></span> 
     </span>
     <span class='ocr_line' id='line_1_6' title="bbox 312 1138 2199 1224; baseline 0.001 -19"><span class='ocrx_word' id='word_1_31' title='bbox 312 1140 577 1224; x_wconf 79' lang='lat' dir='ltr'><strong>epulas,</strong></span> <span class='ocrx_word' id='word_1_32' title='bbox 642 1157 852 1221; x_wconf 87' lang='lat' dir='ltr'><strong>neque</strong></span> <span class='ocrx_word' id='word_1_33' title='bbox 896 1139 1137 1205; x_wconf 83' lang='lat' dir='ltr'><strong>esurire</strong></span> <span class='ocrx_word' id='word_1_34' title='bbox 1191 1138 1461 1203; x_wconf 88' lang='lat' dir='ltr'><strong>dicimus</strong></span> <span class='ocrx_word' id='word_1_35' title='bbox 1523 1158 1728 1221; x_wconf 88' lang='lat' dir='ltr'><strong>neque</strong></span> <span class='ocrx_word' id='word_1_36' title='bbox 1785 1140 2003 1223; x_wconf 85' lang='lat' dir='ltr'><strong>epulas</strong></span> <span class='ocrx_word' id='word_1_37' title='bbox 2043 1159 2199 1209; x_wconf 89' lang='lat' dir='ltr'><strong>con-</strong></span> 
     </span>
     <span class='ocr_line' id='line_1_7' title="bbox 310 1256 2189 1342; baseline 0.003 -19"><span class='ocrx_word' id='word_1_38' title='bbox 310 1257 637 1342; x_wconf 86' lang='lat' dir='ltr'><strong>cupiscere</strong></span> <span class='ocrx_word' id='word_1_39' title='bbox 661 1306 684 1336; x_wconf 85' lang='lat'>‚</span> <span class='ocrx_word' id='word_1_40' title='bbox 731 1276 863 1323; x_wconf 90' lang='lat' dir='ltr'><strong>non</strong></span> <span class='ocrx_word' id='word_1_41' title='bbox 909 1260 1218 1342; x_wconf 69' lang='grc' dir='ltr'><strong>φιλόσιτον</strong></span> <span class='ocrx_word' id='word_1_42' title='bbox 1258 1273 1400 1321; x_wconf 86' lang='lat' dir='ltr'><strong>esse</strong></span> <span class='ocrx_word' id='word_1_43' title='bbox 1422 1302 1446 1336; x_wconf 84' lang='lat'><strong>‚</strong></span> <span class='ocrx_word' id='word_1_44' title='bbox 1494 1256 1604 1322; x_wconf 87' lang='lat' dir='ltr'><strong>sed</strong></span> <span class='ocrx_word' id='word_1_45' title='bbox 1646 1261 1980 1329; x_wconf 72' lang='grc' dir='ltr'><strong><em>κακόσιτον.</em></strong></span> <span class='ocrx_word' id='word_1_46' title='bbox 2063 1263 2189 1329; x_wconf 77' lang='grc' dir='ltr'><strong>Τὸν</strong></span> 
     </span>
     <span class='ocr_line' id='line_1_8' title="bbox 314 1356 2194 1461; baseline -0.001 -15"><span class='ocrx_word' id='word_1_47' title='bbox 314 1382 376 1447; x_wconf 77' lang='grc' dir='ltr'><strong>δὲ</strong></span> <span class='ocrx_word' id='word_1_48' title='bbox 435 1381 504 1455; x_wconf 70' lang='grc' dir='ltr'><strong>δὴ</strong></span> <span class='ocrx_word' id='word_1_49' title='bbox 556 1383 812 1461; x_wconf 72' lang='grc' dir='ltr'><strong>εὐχερῶς</strong></span> <span class='ocrx_word' id='word_1_50' title='bbox 876 1379 1156 1445; x_wconf 57' lang='grc' dir='ltr'><strong>ἐθέλοντα</strong></span> <span class='ocrx_word' id='word_1_51' title='bbox 1207 1377 1431 1449; x_wconf 62' lang='grc' dir='ltr'><strong>παντὸς</strong></span> <span class='ocrx_word' id='word_1_52' title='bbox 1498 1378 1852 1456; x_wconf 61' lang='grc' dir='ltr'><strong><em>μαθήματος</em></strong></span> <span class='ocrx_word' id='word_1_53' title='bbox 1911 1356 2194 1455; x_wconf 56' lang='lat' dir='ltr'><strong>noscam</strong></span> 
     </span>
     <span class='ocr_line' id='line_1_9' title="bbox 308 1478 2191 1583; baseline -0.002 -18"><span class='ocrx_word' id='word_1_54' title='bbox 308 1498 414 1583; x_wconf 40' lang='grc' dir='ltr'><strong>,καὶ</strong></span> <span class='ocrx_word' id='word_1_55' title='bbox 466 1499 739 1577; x_wconf 73' lang='grc' dir='ltr'><em>ἁσμενῶς</em></span> <span class='ocrx_word' id='word_1_56' title='bbox 816 1494 914 1561; x_wconf 79' lang='grc' dir='ltr'><strong>ἐπὶ</strong></span> <span class='ocrx_word' id='word_1_57' title='bbox 973 1496 1041 1560; x_wconf 80' lang='grc' dir='ltr'><strong>τὸ</strong></span> <span class='ocrx_word' id='word_1_58' title='bbox 1114 1493 1431 1570; x_wconf 67' lang='grc' dir='ltr'><em>μκνθένειν</em></span> <span class='ocrx_word' id='word_1_59' title='bbox 1497 1495 1662 1559; x_wconf 67' lang='grc' dir='ltr'><em>ἰόντα</em></span> <span class='ocrx_word' id='word_1_60' title='bbox 1723 1494 1823 1563; x_wconf 72' lang='grc' dir='ltr'><strong>καὶ</strong></span> <span class='ocrx_word' id='word_1_61' title='bbox 1901 1478 2191 1570; x_wconf 55' lang='lat' dir='ltr'><strong>citatis-ccc</strong></span> 
     </span>
     <span class='ocr_line' id='line_1_10' title="bbox 300 1606 2196 1698; baseline -0.005 -16"><span class='ocrx_word' id='word_1_62' title='bbox 300 1615 541 1698; x_wconf 67' lang='grc' dir='ltr'><strong>,ἔχοντα</strong></span> <span class='ocrx_word' id='word_1_63' title='bbox 566 1658 590 1691; x_wconf 86' lang='grc'><em>,</em></span> <span class='ocrx_word' id='word_1_64' title='bbox 634 1617 843 1679; x_wconf 60' lang='lat' dir='ltr'><strong>rafim</strong></span> <span class='ocrx_word' id='word_1_65' title='bbox 895 1615 946 1679; x_wconf 71' lang='grc' dir='ltr'><strong>δ’</strong></span> <span class='ocrx_word' id='word_1_66' title='bbox 1009 1614 1071 1677; x_wconf 77' lang='grc' dir='ltr'><strong>ἐν</strong></span> <span class='ocrx_word' id='word_1_67' title='bbox 1118 1612 1249 1692; x_wconf 66' lang='grc' dir='ltr'><strong>δίκῃ</strong></span> <span class='ocrx_word' id='word_1_68' title='bbox 1303 1611 1578 1692; x_wconf 76' lang='grc' dir='ltr'><strong><em>φήσομεν</em></strong></span> <span class='ocrx_word' id='word_1_69' title='bbox 1620 1609 1979 1693; x_wconf 74' lang='grc' dir='ltr'><em>Φιλόσοφον.</em></span> <span class='ocrx_word' id='word_1_70' title='bbox 2069 1606 2196 1692; x_wconf 79' lang='lat' dir='ltr'><strong>Qui</strong></span> 
     </span>
     <span class='ocr_line' id='line_1_11' title="bbox 304 1722 2199 1821; baseline -0.003 -25"><span class='ocrx_word' id='word_1_71' title='bbox 304 1748 458 1797; x_wconf 64' lang='lat' dir='ltr'><strong>‘vero</strong></span> <span class='ocrx_word' id='word_1_72' title='bbox 488 1726 696 1810; x_wconf 81' lang='lat' dir='ltr'><em>facilc</em></span> <span class='ocrx_word' id='word_1_73' title='bbox 733 1747 811 1791; x_wconf 86' lang='lat' dir='ltr'><strong>ac</strong></span> <span class='ocrx_word' id='word_1_74' title='bbox 842 1740 1049 1813; x_wconf 79' lang='lat' dir='ltr'><strong>sponte</strong></span> <span class='ocrx_word' id='word_1_75' title='bbox 1097 1726 1341 1790; x_wconf 80' lang='lat' dir='ltr'><strong>nullam</strong></span> <span class='ocrx_word' id='word_1_76' title='bbox 1383 1746 1504 1789; x_wconf 81' lang='lat' dir='ltr'><strong>non</strong></span> <span class='ocrx_word' id='word_1_77' title='bbox 1542 1722 1936 1811; x_wconf 79' lang='lat' dir='ltr'><em>disciplinam</em></span> <span class='ocrx_word' id='word_1_78' title='bbox 1978 1724 2199 1821; x_wconf 67' lang='lat' dir='ltr'><strong>degus-</strong></span> 
     </span>
     <span class='ocr_line' id='line_1_12' title="bbox 304 1839 2197 1933; baseline -0.006 -17"><span class='ocrx_word' id='word_1_79' title='bbox 304 1862 457 1916; x_wconf 74' lang='lat' dir='ltr'><strong>tare</strong></span> <span class='ocrx_word' id='word_1_80' title='bbox 513 1847 687 1933; x_wconf 68' lang='lat' dir='ltr'><strong>cupit</strong></span> <span class='ocrx_word' id='word_1_81' title='bbox 743 1858 803 1909; x_wconf 77' lang='lat' dir='ltr'><strong>ec</strong></span> <span class='ocrx_word' id='word_1_82' title='bbox 856 1841 1104 1931; x_wconf 71' lang='lat' dir='ltr'><strong>placide</strong></span> <span class='ocrx_word' id='word_1_83' title='bbox 1168 1840 1259 1906; x_wconf 83' lang='lat' dir='ltr'><strong>ad</strong></span> <span class='ocrx_word' id='word_1_84' title='bbox 1314 1839 1670 1907; x_wconf 78' lang='lat' dir='ltr'><strong>discendum</strong></span> <span class='ocrx_word' id='word_1_85' title='bbox 1732 1839 2015 1928; x_wconf 78' lang='lat' dir='ltr'><em>procedit</em></span> <span class='ocrx_word' id='word_1_86' title='bbox 2086 1862 2197 1905; x_wconf 82' lang='lat' dir='ltr'><strong>nec</strong></span> 
     </span>
     <span class='ocr_line' id='line_1_13' title="bbox 228 1944 2199 2047; baseline -0.003 -15"><span class='ocrx_word' id='word_1_87' title='bbox 228 2016 233 2023; x_wconf 83' lang='lat'><em>-</em></span> <span class='ocrx_word' id='word_1_88' title='bbox 296 1964 549 2047; x_wconf 28' lang='lat' dir='ltr'><strong>“satiari</strong></span> <span class='ocrx_word' id='word_1_89' title='bbox 606 1958 890 2027; x_wconf 81' lang='lat' dir='ltr'><strong>discendo</strong></span> <span class='ocrx_word' id='word_1_90' title='bbox 921 1975 1124 2046; x_wconf 77' lang='lat' dir='ltr'><strong>potest</strong></span> <span class='ocrx_word' id='word_1_91' title='bbox 1153 2006 1175 2037; x_wconf 91' lang='lat'><strong>‚</strong></span> <span class='ocrx_word' id='word_1_92' title='bbox 1232 1959 1395 2022; x_wconf 79' lang='lat' dir='ltr'><strong>hunc</strong></span> <span class='ocrx_word' id='word_1_93' title='bbox 1459 1955 1703 2043; x_wconf 73' lang='lat' dir='ltr'><strong>demum</strong></span> <span class='ocrx_word' id='word_1_94' title='bbox 1730 1958 1892 2042; x_wconf 75' lang='lat' dir='ltr'><strong>jure</strong></span> <span class='ocrx_word' id='word_1_95' title='bbox 1928 1944 2199 2047; x_wconf 66' lang='lat' dir='ltr'><strong>philoso-</strong></span> 
     </span>
    </p>

    <p class='ocr_par' dir='ltr' id='par_1_3' title="bbox 294 2072 2202 4026">
     <span class='ocr_line' id='line_1_14' title="bbox 294 2072 946 2172; baseline -0.003 -27"><span class='ocrx_word' id='word_1_96' title='bbox 294 2083 493 2172; x_wconf 79' lang='lat' dir='ltr'><strong>phum</strong></span> <span class='ocrx_word' id='word_1_97' title='bbox 538 2077 830 2145; x_wconf 81' lang='lat' dir='ltr'><strong>dicemus.</strong></span> <span class='ocrx_word' id='word_1_98' title='bbox 880 2072 946 2119; x_wconf 71' lang='lat'><strong>(¹³</strong></span> 
     </span>
     <span class='ocr_line' id='line_1_15' title="bbox 390 2194 2191 2280; baseline -0.002 -16"><span class='ocrx_word' id='word_1_99' title='bbox 390 2198 827 2264; x_wconf 70' lang='lat' dir='ltr'><strong>Memorat-unt</strong></span> <span class='ocrx_word' id='word_1_100' title='bbox 874 2194 1034 2261; x_wconf 84' lang='lat' dir='ltr'><strong>hanc</strong></span> <span class='ocrx_word' id='word_1_101' title='bbox 1078 2194 1444 2261; x_wconf 76' lang='lat' dir='ltr'><strong>sentent3am</strong></span> <span class='ocrx_word' id='word_1_102' title='bbox 1491 2195 1769 2261; x_wconf 84' lang='lat' dir='ltr'><strong>Platonis</strong></span> <span class='ocrx_word' id='word_1_103' title='bbox 1814 2215 1998 2278; x_wconf 84' lang='lat' dir='ltr'><strong>quam</strong></span> <span class='ocrx_word' id='word_1_104' title='bbox 2048 2200 2191 2280; x_wconf 83' lang='lat' dir='ltr'><strong>plu-</strong></span> 
     </span>
     <span class='ocr_line' id='line_1_16' title="bbox 304 2298 2194 2394; baseline -0.002 -13"><span class='ocrx_word' id='word_1_105' title='bbox 304 2312 447 2381; x_wconf 84' lang='lat' dir='ltr'><strong>rimi</strong></span> <span class='ocrx_word' id='word_1_106' title='bbox 501 2325 787 2378; x_wconf 88' lang='lat' dir='ltr'><strong>veterum</strong></span> <span class='ocrx_word' id='word_1_107' title='bbox 812 2358 834 2389; x_wconf 90' lang='lat'><strong>‚</strong></span> <span class='ocrx_word' id='word_1_108' title='bbox 881 2328 997 2376; x_wconf 89' lang='lat' dir='ltr'><strong>nec</strong></span> <span class='ocrx_word' id='word_1_109' title='bbox 1038 2314 1263 2394; x_wconf 62' lang='lat' dir='ltr'><strong>poetae</strong></span> <span class='ocrx_word' id='word_1_110' title='bbox 1302 2309 1448 2374; x_wconf 85' lang='lat' dir='ltr'><strong>inde</strong></span> <span class='ocrx_word' id='word_1_111' title='bbox 1492 2298 1732 2374; x_wconf 78' lang='lat' dir='ltr'><strong>tantu&#39;m</strong></span> <span class='ocrx_word' id='word_1_112' title='bbox 1758 2356 1783 2390; x_wconf 85' lang='lat'><strong>‚</strong></span> <span class='ocrx_word' id='word_1_113' title='bbox 1828 2330 1995 2392; x_wconf 89' lang='lat' dir='ltr'><strong>quos</strong></span> <span class='ocrx_word' id='word_1_114' title='bbox 2033 2314 2194 2381; x_wconf 82' lang='lat' dir='ltr'><strong>dixi·</strong></span> 
     </span>
     <span class='ocr_line' id='line_1_17' title="bbox 306 2415 2195 2514; baseline -0.001 -16"><span class='ocrx_word' id='word_1_115' title='bbox 306 2449 497 2512; x_wconf 69' lang='lat' dir='ltr'><strong>mur»,</strong></span> <span class='ocrx_word' id='word_1_116' title='bbox 538 2430 652 2498; x_wconf 88' lang='lat' dir='ltr'><strong>sed</strong></span> <span class='ocrx_word' id='word_1_117' title='bbox 695 2429 1069 2514; x_wconf 83' lang='lat' dir='ltr'>philosophi</span> <span class='ocrx_word' id='word_1_118' title='bbox 1124 2427 1306 2495; x_wconf 83' lang='lat' dir='ltr'><strong>etiam</strong></span> <span class='ocrx_word' id='word_1_119' title='bbox 1346 2415 1801 2513; x_wconf 82' lang='lat' dir='ltr'><strong>profecerunt3</strong></span> <span class='ocrx_word' id='word_1_120' title='bbox 1851 2428 2030 2514; x_wconf 83' lang='lat' dir='ltr'><strong>pauci</strong></span> <span class='ocrx_word' id='word_1_121' title='bbox 2086 2450 2195 2497; x_wconf 86' lang='lat' dir='ltr'><strong>ve-</strong></span> 
     </span>
     <span class='ocr_line' id='line_1_18' title="bbox 301 2544 2187 2630; baseline -0.002 -13"><span class='ocrx_word' id='word_1_122' title='bbox 301 2567 376 2617; x_wconf 89' lang='lat' dir='ltr'><strong>ro</strong></span> <span class='ocrx_word' id='word_1_123' title='bbox 440 2548 611 2615; x_wconf 91' lang='lat' dir='ltr'><strong>omni</strong></span> <span class='ocrx_word' id='word_1_124' title='bbox 674 2563 873 2615; x_wconf 80' lang='lat' dir='ltr'><strong>aetate</strong></span> <span class='ocrx_word' id='word_1_125' title='bbox 932 2545 1229 2626; x_wconf 84' lang='lat' dir='ltr'><strong>fuerunt,</strong></span> <span class='ocrx_word' id='word_1_126' title='bbox 1294 2545 1406 2628; x_wconf 90' lang='lat' dir='ltr'><strong>qui</strong></span> <span class='ocrx_word' id='word_1_127' title='bbox 1461 2544 1623 2612; x_wconf 88' lang='lat' dir='ltr'><strong>idem</strong></span> <span class='ocrx_word' id='word_1_128' title='bbox 1678 2545 1836 2612; x_wconf 89' lang='lat' dir='ltr'><strong>illud</strong></span> <span class='ocrx_word' id='word_1_129' title='bbox 1885 2545 2187 2630; x_wconf 80' lang='lat' dir='ltr'><strong>placitum</strong></span> 
     </span>
     <span class='ocr_line' id='line_1_19' title="bbox 303 2642 2192 2747; baseline -0.002 -13"><span class='ocrx_word' id='word_1_130' title='bbox 303 2668 384 2736; x_wconf 75' lang='lat' dir='ltr'><strong>ad</strong></span> <span class='ocrx_word' id='word_1_131' title='bbox 425 2668 762 2734; x_wconf 83' lang='lat' dir='ltr'><strong>liberaliter</strong></span> <span class='ocrx_word' id='word_1_132' title='bbox 798 2664 1225 2732; x_wconf 88' lang='lat' dir='ltr'><strong>instituendos</strong></span> <span class='ocrx_word' id='word_1_133' title='bbox 1261 2664 1577 2747; x_wconf 85' lang='lat' dir='ltr'><strong>juvenes,</strong></span> <span class='ocrx_word' id='word_1_134' title='bbox 1621 2664 1852 2730; x_wconf 87' lang='lat' dir='ltr'><strong>nedum</strong></span> <span class='ocrx_word' id='word_1_135' title='bbox 1897 2663 1974 2729; x_wconf 83' lang='lat' dir='ltr'><strong>ad</strong></span> <span class='ocrx_word' id='word_1_136' title='bbox 2008 2642 2192 2730; x_wconf 72' lang='lat' dir='ltr'><strong>natu-</strong></span> 
     </span>
     <span class='ocr_line' id='line_1_20' title="bbox 303 2764 2194 2866; baseline -0.002 -17"><span class='ocrx_word' id='word_1_137' title='bbox 303 2786 493 2851; x_wconf 84' lang='lat' dir='ltr'><strong>ralem</strong></span> <span class='ocrx_word' id='word_1_138' title='bbox 556 2783 1100 2850; x_wconf 82' lang='lat' dir='ltr'><strong>demonstrandam</strong></span> <span class='ocrx_word' id='word_1_139' title='bbox 1145 2781 1370 2845; x_wconf 82' lang='lat' dir='ltr'><strong>artium</strong></span> <span class='ocrx_word' id='word_1_140' title='bbox 1412 2764 1923 2864; x_wconf 84' lang='lat' dir='ltr'><strong>conjunctionem</strong></span> <span class='ocrx_word' id='word_1_141' title='bbox 1962 2800 2194 2866; x_wconf 75' lang='lat' dir='ltr'><strong>cogna-</strong></span> 
     </span>
     <span class='ocr_line' id='line_1_21' title="bbox 304 2896 2195 2983; baseline 0.002 -17"><span class='ocrx_word' id='word_1_142' title='bbox 304 2900 679 2983; x_wconf 87' lang='lat' dir='ltr'><strong>tionemque</strong></span> <span class='ocrx_word' id='word_1_143' title='bbox 710 2897 1107 2965; x_wconf 82' lang='lat' dir='ltr'><strong>adhiberent.</strong></span> <span class='ocrx_word' id='word_1_144' title='bbox 1199 2896 1378 2963; x_wconf 88' lang='lat' dir='ltr'><strong>Fecit</strong></span> <span class='ocrx_word' id='word_1_145' title='bbox 1433 2913 1641 2965; x_wconf 87' lang='lat' dir='ltr'><strong>autem</strong></span> <span class='ocrx_word' id='word_1_146' title='bbox 1687 2897 1916 2965; x_wconf 87' lang='lat' dir='ltr'><strong>Cicero</strong></span> <span class='ocrx_word' id='word_1_147' title='bbox 1937 2946 1961 2977; x_wconf 92' lang='lat'><strong>.,</strong></span> <span class='ocrx_word' id='word_1_148' title='bbox 2003 2914 2195 2981; x_wconf 80' lang='lat' dir='ltr'><strong>atque</strong></span> 
     </span>
     <span class='ocr_line' id='line_1_22' title="bbox 302 2996 2189 3109; baseline 0 -26"><span class='ocrx_word' id='word_1_149' title='bbox 302 3019 391 3083; x_wconf 89' lang='lat' dir='ltr'><strong>ita</strong></span> <span class='ocrx_word' id='word_1_150' title='bbox 439 3015 594 3084; x_wconf 87' lang='lat' dir='ltr'><strong>fecit</strong></span> <span class='ocrx_word' id='word_1_151' title='bbox 619 3062 642 3099; x_wconf 88' lang='lat'>‚</span> <span class='ocrx_word' id='word_1_152' title='bbox 687 3032 762 3082; x_wconf 91' lang='lat' dir='ltr'><strong>ut</strong></span> <span class='ocrx_word' id='word_1_153' title='bbox 808 3019 923 3084; x_wconf 71' lang='lat' dir='ltr'><strong>sua</strong></span> <span class='ocrx_word' id='word_1_154' title='bbox 960 3016 1102 3101; x_wconf 82' lang='lat' dir='ltr'><strong>ipse</strong></span> <span class='ocrx_word' id='word_1_155' title='bbox 1159 3027 1392 3109; x_wconf 79' lang='lat' dir='ltr'><strong>sponte</strong></span> <span class='ocrx_word' id='word_1_156' title='bbox 1440 3011 1510 3080; x_wconf 86' lang='lat' dir='ltr'><strong>in</strong></span> <span class='ocrx_word' id='word_1_157' title='bbox 1565 3013 1848 3081; x_wconf 82' lang='lat' dir='ltr'><strong>Platonis</strong></span> <span class='ocrx_word' id='word_1_158' title='bbox 1907 2996 2189 3102; x_wconf 62' lang='lat' dir='ltr'><strong>vestigiis</strong></span> 
     </span>
     <span class='ocr_line' id='line_1_23' title="bbox 301 3132 2194 3221; baseline -0.001 -19"><span class='ocrx_word' id='word_1_159' title='bbox 301 3136 646 3221; x_wconf 84' lang='lat' dir='ltr'><strong>procedere</strong></span> <span class='ocrx_word' id='word_1_160' title='bbox 710 3134 1053 3202; x_wconf 87' lang='lat' dir='ltr'><strong>videretur.</strong></span> <span class='ocrx_word' id='word_1_161' title='bbox 1185 3133 1465 3218; x_wconf 83' lang='lat' dir='ltr'><strong>Fingens</strong></span> <span class='ocrx_word' id='word_1_162' title='bbox 1538 3133 1645 3200; x_wconf 89' lang='lat' dir='ltr'><strong>ille</strong></span> <span class='ocrx_word' id='word_1_163' title='bbox 1702 3132 2031 3214; x_wconf 79' lang='lat' dir='ltr'><strong>similiter,</strong></span> <span class='ocrx_word' id='word_1_164' title='bbox 2123 3150 2194 3202; x_wconf 88' lang='lat' dir='ltr'><strong>ut</strong></span> 
     </span>
     <span class='ocr_line' id='line_1_24' title="bbox 301 3249 2195 3336; baseline 0 -17"><span class='ocrx_word' id='word_1_165' title='bbox 301 3254 480 3319; x_wconf 84' lang='lat' dir='ltr'><strong>Plato</strong></span> <span class='ocrx_word' id='word_1_166' title='bbox 557 3251 981 3336; x_wconf 86' lang='lat' dir='ltr'><strong>philosophos</strong></span> <span class='ocrx_word' id='word_1_167' title='bbox 1008 3297 1033 3331; x_wconf 85' lang='lat'><strong>‚</strong></span> <span class='ocrx_word' id='word_1_168' title='bbox 1121 3249 1208 3317; x_wconf 86' lang='lat' dir='ltr'><strong>ita</strong></span> <span class='ocrx_word' id='word_1_169' title='bbox 1270 3251 1410 3334; x_wconf 84' lang='lat' dir='ltr'><strong>ipse</strong></span> <span class='ocrx_word' id='word_1_170' title='bbox 1474 3263 1758 3318; x_wconf 83' lang='lat' dir='ltr'><strong>oratores</strong></span> <span class='ocrx_word' id='word_1_171' title='bbox 1825 3249 2144 3335; x_wconf 86' lang='lat' dir='ltr'><strong>perfectos</strong></span> <span class='ocrx_word' id='word_1_172' title='bbox 2168 3300 2195 3334; x_wconf 89' lang='lat'><strong>,</strong></span> 
     </span>
     <span class='ocr_line' id='line_1_25' title="bbox 302 3344 2191 3454; baseline 0.002 -20"><span class='ocrx_word' id='word_1_173' title='bbox 302 3367 540 3454; x_wconf 86' lang='lat' dir='ltr'><strong>pariter</strong></span> <span class='ocrx_word' id='word_1_174' title='bbox 599 3367 665 3432; x_wconf 90' lang='lat' dir='ltr'><strong>in</strong></span> <span class='ocrx_word' id='word_1_175' title='bbox 727 3367 805 3433; x_wconf 87' lang='lat' dir='ltr'><strong>iis</strong></span> <span class='ocrx_word' id='word_1_176' title='bbox 864 3383 931 3435; x_wconf 90' lang='lat' dir='ltr'><strong>et</strong></span> <span class='ocrx_word' id='word_1_177' title='bbox 977 3369 1146 3433; x_wconf 89' lang='lat' dir='ltr'><strong>hunc</strong></span> <span class='ocrx_word' id='word_1_178' title='bbox 1198 3369 1482 3443; x_wconf 76' lang='lat' dir='ltr'><strong>ardorem</strong></span> <span class='ocrx_word' id='word_1_179' title='bbox 1532 3370 1766 3436; x_wconf 86' lang='lat' dir='ltr'><strong>amoris</strong></span> <span class='ocrx_word' id='word_1_180' title='bbox 1826 3384 1890 3435; x_wconf 88' lang='lat' dir='ltr'><strong>et</strong></span> <span class='ocrx_word' id='word_1_181' title='bbox 1955 3344 2191 3438; x_wconf 84' lang='lat' dir='ltr'><strong>nullius</strong></span> 
     </span>
     <span class='ocr_line' id='line_1_26' title="bbox 297 3483 2192 3570; baseline 0.001 -14"><span class='ocrx_word' id='word_1_182' title='bbox 297 3504 433 3557; x_wconf 83' lang='lat' dir='ltr'><strong>non</strong></span> <span class='ocrx_word' id='word_1_183' title='bbox 494 3485 645 3551; x_wconf 84' lang='lat' dir='ltr'><strong>artis</strong></span> <span class='ocrx_word' id='word_1_184' title='bbox 707 3483 1152 3566; x_wconf 85' lang='lat' dir='ltr'><strong>doctrinaeque</strong></span> <span class='ocrx_word' id='word_1_185' title='bbox 1211 3487 1494 3552; x_wconf 88' lang='lat' dir='ltr'><strong>studium</strong></span> <span class='ocrx_word' id='word_1_186' title='bbox 1549 3487 1939 3570; x_wconf 78' lang='lat' dir='ltr'><strong>postulabat.</strong></span> <span class='ocrx_word' id='word_1_187' title='bbox 2051 3489 2192 3557; x_wconf 84' lang='lat' dir='ltr'><strong>Nee</strong></span> 
     </span>
     <span class='ocr_line' id='line_1_27' title="bbox 304 3599 2197 3689; baseline 0.001 -18"><span class='ocrx_word' id='word_1_188' title='bbox 304 3604 562 3681; x_wconf 80' lang='lat' dir='ltr'><strong>mirum.</strong></span> <span class='ocrx_word' id='word_1_189' title='bbox 653 3601 852 3687; x_wconf 88' lang='lat' dir='ltr'><strong>Quod</strong></span> <span class='ocrx_word' id='word_1_190' title='bbox 896 3601 974 3667; x_wconf 84' lang='lat' dir='ltr'><strong>ab</strong></span> <span class='ocrx_word' id='word_1_191' title='bbox 1040 3599 1174 3667; x_wconf 90' lang='lat' dir='ltr'><strong>aliis</strong></span> <span class='ocrx_word' id='word_1_192' title='bbox 1219 3603 1555 3689; x_wconf 79' lang='lat' dir='ltr'><strong>exigebat,</strong></span> <span class='ocrx_word' id='word_1_193' title='bbox 1603 3604 1742 3688; x_wconf 82' lang='lat' dir='ltr'><strong>ipse</strong></span> <span class='ocrx_word' id='word_1_194' title='bbox 1796 3606 2197 3689; x_wconf 83' lang='lat' dir='ltr'><strong>praestabat,</strong></span> 
     </span>
     <span class='ocr_line' id='line_1_28' title="bbox 310 3718 2202 3808; baseline 0.002 -21"><span class='ocrx_word' id='word_1_195' title='bbox 310 3721 550 3806; x_wconf 88' lang='lat' dir='ltr'><strong>quippe</strong></span> <span class='ocrx_word' id='word_1_196' title='bbox 589 3718 731 3804; x_wconf 88' lang='lat' dir='ltr'><strong>ipse</strong></span> <span class='ocrx_word' id='word_1_197' title='bbox 768 3721 992 3785; x_wconf 69' lang='lat' dir='ltr'><strong>natura</strong></span> <span class='ocrx_word' id='word_1_198' title='bbox 1036 3720 1161 3786; x_wconf 89' lang='lat' dir='ltr'><strong>hoc</strong></span> <span class='ocrx_word' id='word_1_199' title='bbox 1204 3735 1334 3786; x_wconf 82' lang='lat' dir='ltr'><strong>erat</strong></span> <span class='ocrx_word' id='word_1_200' title='bbox 1376 3721 1678 3805; x_wconf 79' lang='lat' dir='ltr'><strong>ingenie,</strong></span> <span class='ocrx_word' id='word_1_201' title='bbox 1725 3737 1838 3804; x_wconf 84' lang='lat' dir='ltr'><strong>ut,</strong></span> <span class='ocrx_word' id='word_1_202' title='bbox 1886 3725 2202 3808; x_wconf 88' lang='lat' dir='ltr'><strong>quidquid</strong></span> 
     </span>
     <span class='ocr_line' id='line_1_29' title="bbox 310 3826 2198 3927; baseline 0.003 -25"><span class='ocrx_word' id='word_1_203' title='bbox 310 3837 375 3902; x_wconf 88' lang='lat' dir='ltr'><strong>in</strong></span> <span class='ocrx_word' id='word_1_204' title='bbox 430 3826 695 3905; x_wconf 67' lang='lat' dir='ltr'><strong>artibus‘</strong></span> <span class='ocrx_word' id='word_1_205' title='bbox 739 3837 1027 3920; x_wconf 85' lang='lat' dir='ltr'><strong>pulcrum</strong></span> <span class='ocrx_word' id='word_1_206' title='bbox 1091 3852 1258 3903; x_wconf 84' lang='lat' dir='ltr'><strong>esset</strong></span> <span class='ocrx_word' id='word_1_207' title='bbox 1315 3853 1377 3905; x_wconf 91' lang='lat' dir='ltr'><strong>et</strong></span> <span class='ocrx_word' id='word_1_208' title='bbox 1440 3842 1818 3923; x_wconf 80' lang='lat' dir='ltr'><strong>praeclarum</strong></span> <span class='ocrx_word' id='word_1_209' title='bbox 1847 3889 1870 3923; x_wconf 90' lang='lat'><strong>,</strong></span> <span class='ocrx_word' id='word_1_210' title='bbox 1929 3826 2198 3927; x_wconf 82' lang='lat' dir='ltr'><strong>prorsus</strong></span> 
     </span>
     <span class='ocr_line' id='line_1_30' title="bbox 2127 3975 2198 4026; baseline -0.028 0"><span class='ocrx_word' id='word_1_211' title='bbox 2127 3975 2198 4026; x_wconf 90' lang='lat' dir='ltr'><strong>ut</strong></span> 
     </span>
    </p>

    <p class='ocr_par' dir='ltr' id='par_1_4' title="bbox 379 4087 987 4161">
     <span class='ocr_line' id='line_1_31' title="bbox 379 4087 987 4161; baseline 0.005 -21"><span class='ocrx_word' id='word_1_212' title='bbox 379 4090 462 4160; x_wconf 67' lang='lat' dir='ltr'><strong>(a)</strong></span> <span class='ocrx_word' id='word_1_213' title='bbox 499 4088 632 4156; x_wconf 69' lang='lat' dir='ltr'><strong>nep.</strong></span> <span class='ocrx_word' id='word_1_214' title='bbox 672 4087 745 4143; x_wconf 79' lang='lat' dir='ltr'><strong>V.</strong></span> <span class='ocrx_word' id='word_1_215' title='bbox 782 4089 885 4161; x_wconf 75' lang='lat'><strong>475</strong></span> <span class='ocrx_word' id='word_1_216' title='bbox 921 4090 987 4143; x_wconf 88' lang='lat' dir='ltr'><strong>C.</strong></span> 
     </span>
    </p>
   </div>
  </div>
 </body>
</html>
