2900 4817
988 450 1392 515 ιιι-141-

269 636 400 701 que
476 630 714 686 certum
801 630 864 680 et
939 598 1383 681 immutabilem
1464 607 1646 674 finem
1673 606 1712 687 ,'
1773 603 1905 670 veri
1984 595 2127 662 sive

257 745 364 806 τοῦ
402 738 562 813 ὄντος
617 732 959 801 scientiam.

509 965 1146 1051 Comparantur
1216 979 1392 1025 cum
1460 950 1878 1023 universa

260 1085 411 1150 hae
445 1081 831 1148 Platonis
878 1068 2120 1161 doctrindsophiuarumprir-

322 1216 733 1283 corumque
807 1192 1444 1284 philosophorum
1520 1189 1606 1255 de
1677 1188 2039 1274 opinione
2183 1172 2193 1183 ’

1021 1310 1370 1397 placita.

251 1534 256 1541 ’
360 1548 448 1616 Ut
505 1545 638 1612 orsi
692 1546 850 1610 hanc
911 1556 1105 1609 totam
1166 1542 1247 1609 de
1299 1540 1712 1624 philosophia
1789 1541 1919 1609 veri
1998 1540 2125 1605 dis-

269 1665 674 1746 quisitionem
735 1681 771 1726 a
825 1661 1149 1729 Theaeteto
1224 1659 1506 1745 Platonis
1579 1677 1824 1738 sumus,
1896 1657 1983 1723 ita
2051 1659 2131 1724 ad

269 1797 662 1866 postremum
745 1780 870 1864 jam
955 1774 1307 1861 argumenti
1394 1776 1603 1839 locum
1686 1772 2135 1863 accedentibus

265 1898 426 1965 idem
464 1897 653 1963 nobis
693 1895 977 1980 dialogus
1018 1911 1168 1976 prae
1222 1892 1478 1957 caeteris
1534 1892 1942 1958 attendendus
1990 1893 2133 1959 erit.

272 2015 547 2083 Socratis
605 2013 768 2080 enim
831 2010 897 2077 in
954 2028 1032 2076 eo
1095 2028 1239 2076 cum
1316 2008 1670 2074 Theaeteto
1738 2008 2136 2075 adolescente

272 2154 338 2201 et
391 2134 740 2199 Theodoro
814 2146 1135 2194 sermones
1199 2130 1495 2208 ἑπιςημὺν
1518 2171 1541 2204 ,
1605 2126 1799 2207 ipsam
1869 2127 1944 2189 de
2011 2146 2135 2207 qua

273 2268 443 2315 nunc
497 2249 737 2330 agimus
768 2246 1088 2311 scientiam
1109 2288 1132 2322 ‚
1173 2242 1487 2308 materiam
1536 2241 1789 2307 habent.
1837 2241 1962 2308 Sed
2000 2257 2137 2309 tum

272 2362 802 2431 consideravimus
863 2377 1130 2443 puerum
1197 2357 1364 2422 hunc
1419 2356 1784 2439 praesertim
1810 2405 1834 2437 ,
1900 2364 2000 2429 τὸν
2040 2366 2138 2431 εὖ·
2196 2357 2200 2361 “

272 2486 436 2568 aab&
458 2529 482 2561 ‚
524 2485 623 2551 τὸν
654 2481 998 2565 Φιλομαθῆ,
1043 2481 1143 2546 τὸν
1182 2479 1366 2561 Φύσει
1416 2479 1749 2560 Φιλοσοφὸν
1769 2521 1794 2552 ‚
1841 2493 1973 2556 quo
2011 2494 2141 2541 ma·

276 2600 370 2686 gis
426 2598 490 2664 in
538 2596 668 2663 veri
703 2594 1112 2677 ‚explorando
1176 2610 1386 2657 amore
1445 2590 1690 2657 insitam
1727 2591 1892 2658 illam
1935 2592 2138 2659 homi-

275 2717 343 2781 ni
382 2712 850 2798 philosophiam
900 2710 1022 2775 hoc
1056 2710 1342 2789 exemplo
1378 2709 1848 2775 declararemus.
1939 2711 2151 2787 Nunc,

275 2834 485 2923 ipsum
552 2827 744 2893 nobis
798 2825 1029 2909 dialogi
1109 2838 1542 2907 argumentum
1617 2824 2147 2901 considerandum.

278 2948 536 3035 proprie
591 2944 734 3012 erit.
839 2944 1003 3008 Nam
1055 2940 1323 3026 pertinet
1380 2941 1627 3023 quidem
1686 2942 1948 3008 maxime
2010 2945 2147 3010 dis·.

275 3063 530 3153 putatio
592 3060 696 3128 illa
758 3059 837 3125 ad
909 3064 1258 3144 μαιωτικὴν
1317 3059 1692 3125 Socraticam
1765 3061 2143 3144 dramatice,

276 3197 351 3252 ut
401 3176 985 3257 animadvertimus,
1027 3173 1367 3241 lectoribus
1423 3177 1940 3258 proponendam:
1987 3178 2141 3245 defi·

276 3303 552 3372 nitiones
605 3293 1000 3382 argumenti,
1060 3311 1213 3373 quas
1295 3291 1537 3375 profert
1611 3291 1995 3361 Theaetetus
2017 3344 2041 3378 ,
2105 3317 2147 3373 a

283 3422 543 3489 Socrate
597 3417 1001 3497 explorantur
1059 3426 1123 3476 et
1178 3407 1632 3492 confutantur3
1679 3412 1791 3475 scd
1850 3414 2140 3494 quamvis

277 3538 506 3606 iccirco
543 3533 739 3617 magis
775 3532 841 3597 in
880 3530 1129 3613 dialogo
1164 3528 1361 3594 hocce
1390 3574 1414 3608 ,
1462 3526 1615 3609 quid
1650 3547 1780 3592 non
1818 3530 1901 3595 sit
1938 3531 2141 3598 scien·

279 3657 365 3723 tia
390 3701 416 3735 ‚
462 3669 648 3734 quam
708 3647 860 3731 quid
893 3645 1020 3726 sit,
1065 3645 1431 3710 ostendatur
1458 3690 1483 3725 ‚
1527 3644 1650 3709 hoc
1681 3644 1930 3728 ipsum,
1985 3648 2143 3731 quid

277 3789 410 3839 non
472 3767 598 3849 sit,
659 3766 936 3844 vidisse,
1002 3761 1206 3846 magni
1268 3761 1469 3835 nobis,
1531 3762 1609 3827 ad
1672 3762 1991 3831 scientiam
2041 3785 2143 3842 as-

284 3884 664 3968 sequendam
740 3878 1045 3949 momenti
1097 3877 1212 3943 erit
1239 3924 1262 3958 ,
1347 3892 1420 3943 ut
1467 3896 1858 3947 secernamus
1922 3883 1999 3949 ab
2067 3901 2147 3959 ea,

280 4002 584 4071 continuo
601 4045 627 4086 ,
671 4015 832 4082 quae
868 3993 1033 4065 falso
1071 3996 1193 4065 hoc
1250 3997 1565 4081 praeclaro
1618 3997 1874 4067 nomine
1920 3999 2153 4075 dicum,

1987 4128 2140 4221 ,tur-
