2900 4817
1106 505 1411 574 „9-

301 703 570 790 Iosophi
625 703 707 769 ad
755 703 944 771 finem
984 701 1288 788 festinant
1322 702 1515 771 citius
1553 705 1748 789 vulgo
1773 749 1801 786 ,
1847 723 2035 790 quam
2083 726 2197 792 par

300 840 415 892 est
439 870 463 904 ,
508 820 848 904 statimque
908 819 1212 887 disserere
1252 821 1332 887 de
1374 807 1530 887 vero
1553 869 1578 904 ‚
1642 820 1720 886 de
1778 824 2017 890 mundo
2068 853 2200 906 uon-

297 946 396 1026 τῷ
419 988 444 1022 ,
483 940 564 1006 de
604 935 1069 1021 metaphysicae
1094 982 1118 1018 ,
1165 956 1353 1020 quam
1391 951 1625 1005 vocant
1648 986 1673 1020 ‚
1715 938 2048 1025 principiis
2088 959 2199 1008 so·

308 1057 484 1123 lenta
546 1071 725 1121 certe
782 1051 1168 1139 principium
1193 1100 1219 1136 ‚
1284 1056 1462 1139 quod
1533 1055 1854 1138 diximus,
1920 1059 2198 1127 Socrati·

305 1189 462 1239 cum
503 1185 569 1239 et
587 1172 977 1239 Platonicum
1003 1219 1027 1254 ‚
1053 1192 1327 1239 amorem
1350 1173 1811 1259 ‚negligentius
1833 1177 2192 1248 attendunt.

397 1289 551 1379 Quo
590 1288 790 1374 magis
809 1307 930 1355 nos
967 1289 1317 1376 continuo,
1341 1303 1417 1356 ut
1452 1275 1635 1357 Plato
1675 1288 1827 1359 fecit
1849 1339 1875 1376 ‚
1912 1292 2197 1364 innatum

306 1408 491 1476 hunc
575 1406 770 1478 nobis
833 1407 967 1474 veri
1034 1426 1307 1475 amorem
1368 1407 1873 1498 explorabimus:
1940 1425 2009 1478 et
2065 1412 2200 1496 pri-

304 1543 487 1593 mum
547 1523 802 1609 quidem
877 1542 1223 1610 puerorum
1286 1523 1701 1592 observandis
1763 1525 1902 1593 sive
1953 1528 2202 1596 adoles-

306 1657 572 1711 centum
634 1639 894 1722 studiis‚
959 1642 1024 1708 in
1089 1642 1373 1726 quibUS‚
1434 1658 1509 1708 ut
1575 1642 1662 1709 ait
1720 1643 1949 1712 Cicero
1975 1691 2001 1727 ,
2061 1643 2201 1731 ipsa

310 1776 539 1829 natura
570 1760 779 1827 elucet
822 1761 886 1828 in
917 1759 1181 1845 primis:
1226 1772 1365 1826 tum
1407 1760 1672 1827 maxime
1711 1760 2196 1847 quaestionibus

310 1878 705 1964 explicandis
747 1878 1131 1965 gravissimis
1155 1925 1179 1960 ‚
1227 1878 1383 1961 quid
1413 1877 1656 1945 discere
1690 1878 1778 1945 sit
1805 1925 1831 1961 ‚
1877 1880 2032 1964 quid
2077 1881 2199 1949 do-

309 2016 503 2086 cere,
548 2014 714 2082 quae
766 2014 912 2062 vera
951 1995 1036 2061 sit
1075 1993 1433 2078 eloquentia
1456 2041 1480 2076 ‚
1526 2013 1687 2078 quae
1713 1997 1886 2081 justa
1930 1995 2201 2065 scriben-

311 2114 384 2181 di
425 2113 631 2182 ratior
680 2132 844 2198 quae
885 2126 1056 2180 recte
1096 2111 1441 2197 explicari,
1487 2112 1612 2179 nisi
1675 2131 1755 2180 ex
1794 2114 1928 2181 veri
1987 2133 2200 2184 amore

311 2246 549 2301 nostro
572 2279 598 2315 ‚
621 2250 752 2297 non
769 2233 1107 2317 possunr‚'
1136 2229 1217 2297 fic
1253 2245 1461 2296 autem
1497 2229 1826 2313 explicitae
1847 2277 1873 2313 ,
1913 2232 1990 2297 ad
2033 2231 2196 2300 idem

316 2349 448 2418 hoc
514 2348 725 2415 omnis
773 2346 1155 2433 cognitionis
1198 2344 1762 2430 philosophiaeque
1816 2348 2196 2434 principium

322 2466 593 2533 interius
629 2464 1106 2550 percipiendum
1125 2511 1150 2545 ‚
1212 2463 1336 2530 vim
1383 2462 1715 2530 habiturae
1750 2465 2071 2533 maximam
2104 2468 2203 2535 vi·

316 2583 575 2651 dentur.
665 2581 807 2648 Nec
850 2582 1112 2647 deerunt
1150 2580 1337 2647 nobis
1378 2581 1443 2648 in
1489 2582 1589 2648 his
1629 2583 2037 2667 exquirendis
2083 2605 2201 2669 op·

314 2700 742 2789 portunitates
764 2746 790 2782 ‚
837 2697 1074 2784 quibus
1117 2697 1185 2763 in
1252 2717 1503 2765 omnem
1562 2700 1984 2783 exspatiemur
2039 2704 2200 2769 anti·
2315 2696 2321 2702 ’

318 2818 674 2903 quitatemx
741 2815 920 2901 quod
976 2833 1092 2881 nec
1127 2814 1539 2899 injucundum
1604 2816 1721 2883 erit
1760 2832 1826 2884 et
1881 2820 2147 2901 perutile
2171 2863 2199 2899 o

324 2938 524 3004 immo
564 2953 712 3001 vero
761 2934 839 3000 ad
883 2952 1013 2999 rem
1037 2980 1064 3014 ‚
1113 2951 1301 3016 quam
1336 2931 1707 3018 ‚indagamus
1729 2979 1755 3016 ‚
1779 2934 2200 3017 reperiendam

318 3051 764 3119 necessarium.
831 3050 999 3117 Nam
1037 3048 1215 3117 Plato
1257 3048 1724 3135 philosophiam
1764 3049 1930 3119 suam
1957 3100 1983 3134 ‚
2025 3027 2199 3139 noh,

317 3181 396 3235 ut
456 3167 817 3252 systematis
878 3181 1103 3232 auctor
1159 3166 1390 3252 aliquis
1415 3214 1440 3248 ‚
1485 3166 1649 3235 libro
1698 3168 1939 3237 cuidam
1999 3171 2207 3238 inclu-

313 3285 442 3369 sit,
484 3285 600 3353 sed
660 3285 829 3351 hunc
887 3284 1129 3350 scilicet
1187 3283 1253 3350 in
1308 3284 1566 3352 modum
1627 3286 1930 3371 scripsit,
1975 3301 2048 3353 ut
2095 3307 2204 3357 ve-

317 3402 521 3470 ritatis
582 3401 979 3486 virtutisque*
1009 3400 1222 3468 studio
1276 3401 1353 3468 ad
1397 3402 1728 3468 dicendum
1775 3403 2204 3473 scribendum-

322 3536 457 3606 que
496 3520 794 3588 excitaret
836 3538 1026 3603 quam
1068 3517 1407 3602 plurimos.
1494 3519 1687 3586 Unde
1729 3520 1794 3586 in
1837 3521 2011 3586 omni
2060 3522 2205 3592 lite-

318 3656 528 3706 rarum
555 3684 582 3719 ‚
642 3635 1010 3723 praesertim
1088 3634 1367 3702 oratorio
1395 3682 1420 3716 ‚
1503 3654 1728 3721 genere
1752 3684 1778 3718 ‚
1862 3640 2202 3709 auctoritas

323 3756 466 3844 ejus
512 3753 783 3839 antiquo
825 3770 987 3820 aevo
1024 3770 1268 3820 summa
1326 3749 1502 3818 fuit:
1570 3767 1683 3821 nec
1722 3754 1911 3838 plene
1963 3757 2204 3843 percipi

318 3870 517 3942 hodie
550 3871 898 3938 multorum
923 3917 948 3953 ,
1014 3868 1217 3954 ipsius
1259 3869 1417 3937 adeo
1476 3870 1928 3939 Demosthenis
1983 3888 2050 3940 et
2092 3876 2209 3942 Ci-

322 3987 576 4073 ceronis
601 4037 626 4076 ,
648 3987 886 4074 scripta
928 4001 1203 4072 possunt
1222 4033 1249 4072 ,
1295 3986 1420 4058 nisi
1457 3987 1637 4056 lectis
1673 4002 1960 4060 accurate
1996 3991 2209 4061 Plato·

316 4125 327 4138 ·
2102 4124 2204 4177 ms
