2900 4817
1378 491 1678 553 ...g-.-

594 707 743 779 Nee
797 724 951 773 vero
1016 705 1102 774 ita
1139 705 1341 772 ardua.
1384 716 1487 770 est
1530 700 1719 767 nobis
1768 699 1835 767 in
1893 698 2318 784 philosophia
2338 700 2482 769 Pla-

598 826 772 896 tonis
828 821 931 892 via
952 869 978 905 ‚
1021 837 1095 889 ut
1152 820 1219 887 in
1266 834 1658 888 caeterorum
1702 818 2150 903 plerorumque
2189 817 2484 905 philoso-

599 941 877 1027 phorum
932 936 1259 1007 doctrinis,
1346 937 1631 1003 Naturae
1685 933 1743 1000 is
1800 932 1967 1001 viam
2014 949 2213 1001 tenet.
2307 933 2478 1003 Nam

602 1073 681 1125 ut
709 1056 863 1124 fecit
904 1057 971 1122 in
1016 1052 1453 1138 superioribus
1489 1052 1568 1119 de
1598 1051 1822 1139 pulcro
1861 1049 2429 1133 disceptationibus
2451 1098 2481 1135 ,

604 1176 698 1254 ita
738 1177 933 1242 nunc'
952 1173 1020 1238 in
1074 1173 1192 1239 hac
1237 1174 1375 1243 vm·
1430 1166 1852 1254 inquisitione
1866 1214 1892 1250 ‚
1957 1170 2172 1240 οἴκοθεν
2210 1172 2487 1255 ἀρξάμε-

609 1320 743 1376 νος,
800 1307 876 1360 ut
935 1290 1223 1359 Socrates
1266 1288 1531 1356 vocabat
1553 1334 1577 1369 ‚
1621 1308 1728 1353 nos
1779 1291 1938 1375 ipsos
1993 1284 2434 1370 nosprimum
2458 1332 2488 1369 ‚

611 1427 904 1496 quaeque
954 1407 1172 1488 insunt
1215 1407 1407 1474 nobis
1461 1403 1673 1472 studia
1714 1401 2046 1487 exquirere
2076 1400 2345 1489 Jubebit
2369 1422 2392 1470 ι
2417 1401 2490 1470 in

608 1525 847 1610 quibus
911 1545 1184 1593 amorem
1203 1573 1229 1609 ‚
1301 1522 1758 1609 principiorum
1814 1520 2128 1600 omnium,
2167 1536 2492 1588 summum

611 1658 679 1712 et
732 1643 1261 1726 efficacissimum,
1304 1642 1568 1709 insitum
1622 1639 1810 1707 nobis
1854 1641 1992 1708 vert·
2043 1635 2360 1721 amor-cmg
2399 1651 2497 1705 at·

613 1761 831 1832 tendet
898 1761 1236 1828 nobiscum
1318 1737 1768 1843 potissimum:
1853 1755 2024 1823 unde
2118 1753 2448 1842 profectus
2465 1801 2496 1839 ,

618 1879 945 1965 quomodo
989 1877 1231 1963 optime
1262 1875 1366 1943 his
1406 1874 1679 1957 studiis,
1721 1874 1871 1943 huic
1908 1873 2106 1941 amori
2126 1920 2152 1956 ,
2197 1872 2298 1941 his
2333 1858 2496 1941 ‘veri

572 2011 577 2016 ·
617 1995 1009 2080 appetitibus
1064 1994 1423 2062 satisfacere
1490 1994 1813 2079 possimus
1836 2040 1863 2076 ‚
1944 2005 2204 2077 quaeret
2222 2038 2248 2074 ‚
2309 1989 2505 2060 disce·-

609 2113 944 2201 plinasque
996 2111 1389 2196 explorabit,
1436 2111 1672 2194 quibus
1728 2111 1821 2179 ad·
1857 2105 2081 2178 v⁸erum
2135 2087 2330 2176 homo
2350 2156 2379 2192 ‚
2422 2123 2502 2176 ut

616 2229 870 2298 artibus
905 2231 981 2296 ad
1020 2231 1311 2322 pulcrum
1332 2277 1356 2312 ‚
1400 2229 1735 2297 adducitur
1757 2276 1783 2312 ‚
1817 2226 2213 2297 dialecticam
2259 2227 2342 2293 in·
2364 2228 2506 2314 pri-

618 2345 740 2414 mis
760 2392 787 2429 ,
865 2345 1341 2432 disciplinarum
1421 2346 1801 2432 principem.
1921 2343 2103 2413 ‘Tum
2145 2365 2316 2424 ‚vero
2393 2346 2508 2412 de-

619 2482 792 2531 mum
817 2511 844 2546 ‚
928 2462 1303 2550 perquisitis
1365 2462 1466 2530 his
1537 2462 1876 2548 omnibnS‚
1960 2462 2028 2529 in
2097 2463 2307 2549 ipsum
2375 2481 2502 2531 nos

622 2581 886 2648 evehere
932 2582 1237 2648 mundum
1291 2586 1491 2661 νοητὸν
1552 2599 1632 2649 ex
1682 2581 1798 2648 ha'c
1841 2579 2128 2648 inscitiae
2191 2599 2507 2648 errorum-

624 2715 752 2779 que
809 2698 960 2764 sede
1020 2697 1097 2764 ad
1150 2696 1471 2764 seientiam
1518 2711 1584 2765 et
1639 2697 1962 2765 veritatem
2000 2689 2232 2765 ducere
2270 2716 2503 2783 aequa-

617 2814 738 2882 bili
787 2813 1030 2882 ratione
1080 2813 1439 2882 conabitur.
1575 2815 1885 2883 Naturae
1928 2816 2079 2885 haec
2104 2863 2132 2900 ,
2198 2815 2455 2899 inquam
2474 2863 2504 2900 ,

619 2933 726 3000 via
778 2947 919 3013 est,
963 2952 1340 3018 quamquam
1379 2952 1509 3000 eam
1543 2933 1730 3017 pauci
1773 2947 2137 3003 tenuerunt.
2222 2932 2392 3002 Nam
2421 2927 2511 3000 'ad

617 3048 810 3117 finem
868 3049 1015 3134 quis
1056 3067 1224 3117 recte
1288 3051 1490 3117 tendit
1513 3098 1538 3132 ‚
1580 3051 1747 3135 apud
1801 3069 1989 3133 quem
2046 3052 2126 3119 de
2177 3051 2510 3139 principiis

621 3181 758 3233 non
799 3163 1101 3232 constat?
1186 3163 1353 3254 Quis
1406 3169 1740 3250 pervenire
1779 3168 1857 3234 ad
1901 3164 2090 3234 finem
2111 3214 2139 3250 ,
2203 3164 2515 3252 perficere

627 3282 805 3366 quod
841 3280 1063 3367 cupit,
1123 3296 1385 3368 potest,
1438 3283 1563 3350 nisi
1625 3283 1791 3353 viam
1848 3286 2165 3368 edoctuS,
2228 3283 2361 3369 qua
2396 3284 2508 3351 de-
2571 3293 2592 3314 “·

624 3396 771 3464 beat
842 3399 1181 3482 procedere
1199 3445 1227 3480 ,
1319 3416 1607 3484 ususque
1687 3399 2121 3469 instrumentis
2157 3447 2184 3484 ,
2274 3399 2514 3484 quibus

628 3533 798 3598 opus
879 3515 1221 3600 perficiat?
1303 3516 1493 3584 Unde
1571 3515 1641 3583 in
1718 3517 1889 3584 omni
1962 3516 2300 3602 disciplina
2354 3516 2511 3584 haec

626 3631 751 3699 tria
805 3648 1229 3700 memorantur
1290 3634 1486 3718 vulgo
1504 3680 1530 3716 ‚
1603 3636 1933 3725 principia
1952 3682 1978 3718 ‚
2067 3635 2240 3703 unde
2284 3612 2523 3702 'incho-

631 3749 862 3818 andum
882 3796 908 3832 ‚
992 3752 1226 3838 officia,
1307 3751 1545 3835 quibus
1599 3747 1989 3835 fungendum
2008 3798 2035 3834 ‚
2106 3749 2261 3834 finis
2282 3798 2309 3835 ,
2372 3772 2510 3835 quo

622 3866 1004 3934 tendendum
1064 3882 1165 3935 est
1213 3867 1306 3935 (ὓ.
1396 3865 1522 3936 Sed
1573 3867 1642 3934 in
1706 3868 1842 3935 veri
1895 3868 2311 3955 philosophia
2365 3868 2520 3954 phi-

706 4067 796 4142 1⁸)
832 4065 953 4123 cie.
993 4065 1063 4122 ιι.
1098 4067 1313 4128 luunt.
1348 4067 1401 4123 1.
1437 4085 1489 4124 ι.
1525 4069 1637 4126 ane
1670 4075 1727 4124 et
1758 4086 1808 4123 e.
1840 4068 1895 4123 ⁵.
1971 4151 1982 4160 .
2333 3988 2520 4054 ¹⁰⁵⁰*
