2900 4817
991 527 1301 599 ⁸2-ssoe

294 719 423 795 Sed
475 725 767 813 quamvis
821 728 1136 812 praeclara
1180 704 1423 795 fuerint
1473 742 1800 814 parentum
1839 740 2100 798 nostro-

198 859 344 911 rum
407 843 473 911 in
533 844 1008 929 philosophiam
1059 845 1280 912 merita
1296 893 1321 927 ,
1366 846 1642 932 licetque
1702 846 2096 933 adeo'spono‘

196 973 265 1028 te
323 959 397 1028 in
447 963 854 1046 antiquorum
905 962 1292 1030 incurrerent
1344 964 1608 1050 vestigia
1672 981 1916 1049 eosque
1976 973 2089 1032 su·

196 1080 560 1164 peraverint
600 1078 869 1146 subinde
890 1128 915 1162 ,
1001 1094 1155 1147 sunt
1209 1096 1415 1148 tamen
1473 1082 1670 1148 multa
1694 1128 1720 1164 ,
1807 1089 1988 1167 quae·
2016 1081 2086 1151 in

198 1215 422 1265 eorum
459 1197 692 1264 studiis
727 1218 869 1265 cum
912 1197 1420 1282 reprehendenda
1478 1197 1612 1265 sint
1669 1197 1902 1283 nobis,
1944 1213 2084 1269 tum

196 1332 382 1385 caute
439 1317 749 1384 evitanda.
856 1313 1023 1385 Nam
1048 1363 1073 1399 ,
1136 1334 1221 1383 ne
1281 1314 1504 1383 dicam-
1528 1317 1610 1383 de
1662 1316 2088 1416 popularitate

193 1435 295 1503 illa
311 1485 336 1519 ,
379 1436 490 1504 cui
532 1435 726 1504 cessit
767 1434 935 1503 haud
976 1453 1119 1501 raro
1150 1432 1418 1501 interior
1453 1449 1666 1501 rerum
1708 1433 2084 1520 inquIsitiot

195 1553 575 1639 quod-Baco
611 1563 673 1620 et
700 1552 992 1620 Locltius
1036 1566 1217 1620 antea
1254 1552 1704 1633 instituerant,
1747 1566 1838 1630 ut,
1876 1552 2094 1620 homi*

192 1687 329 1737 nem
374 1671 825 1756 explorarent,
872 1670 995 1735 hoc
1035 1668 1124 1735 ita
1163 1667 1481 1753 persecuti
1539 1667 1864 1737 sunt'tum
1905 1659 2082 1757 A'n'gl

190 1788 477 1872 plerique
496 1834 525 1870 ,
566 1801 708 1853 tum
730 1785 1119 1854 Gallofranci
1137 1785 1512 1872 philosophi
1533 1834 1558 1868 ‚
1602 1786 1697 1853 uti
1720 1804 1950 1854 sensus
1985 1800 2082 1854 at-

187 1907 515 1974 tenderent
554 1903 1059 1991 diligentissime.
1083 1904 1369 1989 corporis
1424 1904 1677 1973 humani
1701 1953 1725 1988 ,
1770 1904 1901 1974 vim
1954 1901 2080 1974 ho-

187 2025 365 2091 minis
409 2025 762 2105 internam,
805 2022 1123 2090 internum
1165 2027 1421 2098 sensum
1448 2070 1474 2106 ,
1502 2024 1615 2092 vix
1651 2024 2070 2093 attenderent0

183 2141 328 2230 Quo
346 2137 702 2211 effecerunt
722 2189 746 2224 ,
763 2153 836 2209 ut
861 2139 1125 2226 ,partim
1150 2140 1408 2210 homine
1433 2140 1660 2209 eximie
1685 2131 2022 2225 'explorato
2044 2188 2073 2227 ‚

186 2261 291 2327 hac
345 2281 510 2329 vero
555 2261 624 2327 in
684 2274 861 2344 parte
901 2256 1241 2344 praecipua
1285 2261 1572 2344 neglecto
1619 2275 1927 2343 prorsus,
1973 2260 2077 2345 ip·

184 2398 316 2446 sum
371 2378 746 2459 hominem,
809 2377 857 2442 i.
908 2393 968 2444 e.
1039 2389 1321 2442 naturam
1386 2377 1744 2457 moralem,
1809 2374 2079 2444 aeterni·

182 2493 286 2562 niti
339 2492 723 2564 destinatam
749 2542 773 2577 ,
818 2512 949 2560 non
993 2506 1238 2560 tantum
1287 2503 1445 2559 non·
1480 2493 1863 2578 explicarent
1884 2541 1911 2578 ,
1954 2488 2073 2564 sed

180 2614 588 2681 obscurarent
628 2631 919 2697 prorsus.
1007 2591 1416 2680 Exstiterunt
1469 2612 1624 2680 adeo
1646 2660 1670 2695 ,
1729 2612 1842 2697 qui
1885 2615 2068 2698 plan-

181 2745 271 2798 tae
323 2733 648 2799 hominem
666 2778 690 2810 ,
758 2721 904 2810 alii‘,
967 2729 1079 2813 qui
1149 2721 1471 2796 machinae
1533 2728 1811 2796 facerent
1887 2729 2067 2799 simi·

175 2842 294 2911 lem
317 2892 342 2926 ,
382 2839 677 2911 nonnulli
701 2894 723 2928 ,
767 2845 882 2929 qui
926 2859 999 2911 ‘et
1051 2825 1369 2910 hominem
1432 2857 1497 2911 et
1553 2861 1759 2913 rerum
1808 2844 2067 2912 univer-

175 2959 421 3028 sitatem
462 2963 621 3030 solis
660 2961 904 3030 moveri
962 2961 1339 3028 mechanicis
1383 2957 1625 3030 viribus
1685 2961 2067 3050 legibusque

172 3079 647 3147 contenderent.
767 3079 1059 3167 Quorum
1127 3077 1271 3145 libri
1336 3078 1478 3165 ipsa
1539 3080 1692 3163 illa,
1754 3096 1880 3165 qua
1915 3101 2064 3170 per-

170 3195 380 3280 scripti
424 3209 646 3277 erant,
713 3196 1163 3281 perspicuitate
1198 3198 1773 3282 et'popularitate,
1837 3203 2058 3269 multis

170 3313 626 3393 persuadebant
679 3311 1011 3395 opiniones
1077 3311 1306 3395 hasce,
1352 3334 1562 3400 eoque
1601 3317 2063 3401 persuadebant

165 3423 403 3497 facilius
475 3429 888 3513 certiusque,
969 3447 1103 3514 quo
1169 3432 1466 3517 majorem
1521 3435 1722 3518 vulgo
1776 3436 2063 3503 homines

165 3546 364 3612 oculis
431 3546 667 3613 habent
717 3545 903 3613 fidem
930 3594 954 3629 ,
1043 3565 1232 3631 quam
1291 3549 1554 3617 internis
1580 3598 1604 3630 ,
1670 3551 1785 3644 sed
1830 3551 2066 3621 obscu-

164 3662 427 3731 rioribus
469 3663 665 3732 animi
704 3663 1023 3733 sensibus.
1111 3665 1324 3733 Alieni
1362 3667 1439 3733 ab
1470 3668 1644 3736 hisce
1684 3669 2059 3755 opinionum

159 3784 527 3850 commentis
590 3797 956 3851 manserunt
1011 3781 1287 3852 melioris
1339 3786 1772 3871 graviorisque
1825 3788 2057 3858 indolis

163 3896 273 3964 viri
295 3948 320 3982 ,
367 3918 487 3967 nec
537 3897 775 3967 exstitit
834 3901 1004 3987 apud
1048 3887 1429 3969 Germanos
1461 3899 1815 3988 Batavosve
1864 3907 2061 3990 paulo

164 4016 411 4098 quidem
480 4017 831 4087 -humanior
886 4018 1335 4103 celebriorque
1379 4020 1805 4106 philosophus
1830 4068 1856 4104 ,
1941 4020 2058 4106 qui

1041 4134 1105 4202 A
1149 4157 1189 4205 2
1558 4153 1565 4162 ·
1949 4136 2048 4208 in·
