2900 4817
1478 514 1881 594 ...142⁶-

751 681 914 759 Et
981 691 1072 759 sic
1128 691 1428 777 quidem,
1475 689 1809 779 diligenter
1847 691 1947 761 his
2008 685 2306 786 omnibus
2364 682 2445 760 de
2480 683 2618 761 Pla-‘-

741 819 898 875 tone
956 807 1223 891 aliisque
1279 807 1671 892 dialogorum
1730 807 2094 875 auctoribus
2136 781 2621 888 animadversisg

629 986 633 990 ⁴
746 923 1008 992 interius
1065 923 1252 991 nobis
1317 924 1674 1008 perspicere
1713 923 1860 992 licet
1881 970 1908 1006 ,
1974 943 2163 1007 quam
2217 924 2323 992 ille
2359 921 2619 990 Musam

746 1044 1129 1127 spectaverit
1151 1090 1177 1123 ‚
1240 1059 1385 1109 eum
1447 1059 1677 1108 novam
1720 1039 2016 1138 inducere
2077 1040 2305 1124 poesin
2360 1013 2627 1107 conaress

746 1175 880 1228 tur.
967 1157 1323 1244 Explorate
1379 1158 1443 1226 id
1489 1179 1679 1242 supra
1717 1159 1843 1244 jam
1888 1155 2262 1241 coepimus,
2306 1175 2504 1242 quum
2547 1158 2627 1223 de

735 1279 961 1368 pulcro
996 1297 1374 1364 ageremus;
1423 1277 1488 1325 <⁸³
1530 1278 1644 1345 sed
1703 1293 1872 1342 nunc
1897 1323 1921 1358 ‚
1990 1274 2057 1342 ni
2104 1273 2294 1342 fallor
2314 1321 2342 1372 ‚
2402 1288 2443 1343 e
2482 1271 2630 1358 phi·

743 1387 1106 1479 losophiae“
1134 1385 1515 1480 principiis,
1560 1414 1723 1478 quae
1774 1413 1995 1465 verum
2033 1410 2279 1480 spectat
2301 1445 2326 1480 ‚
2370 1395 2622 1481 plenius
2666 1425 2674 1434 ·

746 1511 1178 1599 intelligimus.
1235 1509 1423 1579 'Non
1461 1525 1592 1579 erat
1650 1510 1758 1579 illa
1820 1511 2017 1580 Musa
2051 1512 2331 1580 Platonis
2370 1513 2476 1581 vel
2516 1529 2631 1578 co·

747 1605 910 1697 mica
970 1630 1073 1696 vel
1145 1627 1415 1716 tragicat
1493 1633 1729 1714 δημώδη
1786 1629 2007 1697 harum
2074 1629 2378 1697 musicam
2436 1649 2632 1697 voca·

743 1741 906 1827 ἶπες
952 1747 1065 1814 sed
1117 1751 1229 1827 τὴν
1267 1751 1538 1830 ‘myst-nv
1594 1745 1967 1832 respiciebat
2027 1753 2313 1832 μουσικὴν
2337 1769 2369 1832 ,’
2426 1747 2475 1815 ἱ.
2518 1768 2579 1817 e.
2600 1796 2630 1835 ‚

750 1860 1216 1947 philosophiam
1289 1861 1453 1929 illam
1478 1909 1503 1944 ‚
1568 1883 1744 1947 quae.
1788 1883 1907 1932 nec
1962 1864 2208 1949 placere
2262 1866 2626 1958 hominibus

747 1983 874 2046 liet:
922 1977 1257 2078 gratificari
1304 1995 1423 2046 nec
1467 1998 1622 2047 vero
1664 1981 1903 2050 adulari
1957 1984 2283 2051 studerett
2329 1983 2445 2068 qui
2479 1983 2636 2069 poe-

749 2074 954 2164 tarum
1026 2099 1224 2183 vulgo
1303 2116 1375 2163 ac
1444 2098 1875 2183 sophistarum
1958 2089 2407 2184 oratorumque
2490 2119 2634 2169 mos

751 2211 932 2283 fuitt'
964 2210 1270 2282 'sedfhoc
1315 2212 1445 2282 sibi
1483 2214 1742 2282 haberet
1782 2213 1969 2284 unice
2024 2216 2469 2302 propositum,
2512 2232 2632 2298 ut,

755 2329 1040 2419 rejectis
1070 2331 1363 2399 inanibus
1390 2379 1414 2414 ‚
1478 2349 1639 2414 quae
1698 2330 1778 2399 ab
1840 2333 1941 2401 his
1970 2334 2633 2417 commendarentur,

753 2428 1362 2517 rerum'·simulacris
1379 2497 1404 2532 ,
1469 2449 1634 2534 ipsas
1690 2467 1790 2518 res
1835 2449 1885 2518 i.
1934 2468 2020 2548 e..
2042 2453 2381 2520 veritatem
2430 2451 2498 2520 in
2542 2453 2641 2518 lu-

747 2545 894 2631 ·eem
952 2568 1328 2650 produceret
1390 2567 1661 2653 ejusque
1714 2585 1927 2635 amore
1994 2567 2358 2636 incenderet
2406 2585 2638 2636 morta·

753 2682 877 2750 les.
963 2681 1146 2749 Hane
1184 2679 1366 2749 Plato
1418 2681 1738 2750 Uraniam
1780 2681 2041 2750 Musam
2079 2700 2310 2751 vocare
2344 2684 2591 2752 solebat
2604 2729 2633 2766 ‚

758 2820 947 2885 quam
1002 2783 1132 2884 qui*
1169 2801 1451 2868 colerent
1473 2847 1499 2884 ‚
1559 2799 1697 2868 sive
1756 2800 2137 2868 carminibus
2155 2848 2182 2884 ‚
2226 2802 2365 2870 sive
2405 2802 2639 2896 oratio?

753 2919 951 2987 nibus
971 2964 996 3002 ‚
1077 2919 1217 2987 sive
1288 2918 1649 3003 cuicunque
1710 2920 1957 2986 tandem
2038 2917 2355 2986 scribendi
2422 2915 2642 3005 generi

761 3055 1018 3121 operam
1079 3049 1379 3102 navarent
1402 3083 1427 3119 ,
1492 3036 1614 3101 hos
1677 3015 1863 3102 unice
1924 3037 2197 3106 scribere
2267 3036 2332 3103 in
2390 3013 2639 3123 generis

759 3153 1014 3219 humani
1070 3156 1564 3220 emolumentum
1625 3153 1978 3221 contendit.
2086 3153 2405 3237 Cumque·
2447 3171 2641 3222 nemo

753 3270 1328 3365 adhuc-poetarum
1373 3263 1929 3354 scriptorumque,
1971 3272 2052 3340 de
2099 3273 2237 3357 eius
2275 3269 2591 3341 sententia
2611 3318 2640 3356 ,

750 3388 949 3474 digna
1009 3387 1122 3452 hac
1191 3385 1391 3453 Musa
1445 3406 1637 3472 opera
1697 3389 2034 3472 edidisset,
2103 3389 2441 3458 Socraticis
2507 3391 2647 3475 ipse

753 3506 1160 3574 sermonibus
1223 3504 1573 3573 scribendis
1598 3555 1623 3590 ,
1689 3526 1883 3576 artem
1946 3485 2262 3578 scribendi
2314 3510 2646 3594 excoluit,

750 3642 927 3706 -quae
981 3636 1223 3689 tantum
1295 3623 1667 3710 vulgaribus
1729 3625 1987 3693 artibus
2008 3673 2035 3710 ,
2102 3643 2407 3710 quantum
2480 3627 2649 3695 Ura-

749 3740 909 3805 'nius
953 3758 1128 3806 amor
1177 3742 1420 3825 vulgari
1472 3741 1673 3809 amori
1716 3755 2084 3826 praestaret.
2186 3743 2478 3827 Iniquius
2536 3746 2648 3812 eui

763 3856 936 3936 forte
989 3856 1094 3922 ille
1154 3857 1236 3923 de
1296 3858 1554 3994 scriptis
1619 3858 1882 3927 aliorum
1915 3861 2248 3947 judicasse
2313 3859 2643 3946 videntum

2535 3965 2686 4129 sedi

840 4108 929 4180 (ι)
966 4106 1095 4165 vol.
1119 4107 1181 4166 -1.
1219 4124 1273 4177 p.
1314 4110 1433 4181 167·
1473 4111 1589 4182 174.
