2900 4817
1484 430 1888 512 ...1⁵⁶-

736 667 749 682 .
780 627 805 694 J
827 613 1027 702 Quod
1089 610 1363 701 primum
1401 609 1593 682 nobis
1634 624 1767 686 erat
1804 609 1872 677 in
1914 607 2300 692 conferendo
2325 629 2474 696 cum
2518 631 2631 682 so·

744 731 979 817 phistis
1048 724 1412 821 priscisque·
1461 727 1873 814 philosophis
1938 730 2200 812 Platone
2262 732 2573 815 agendum
2595 781 2628 814 ‚

734 863 859 933 nt,
911 865 1070 934 quae
1104 848 1172 916 in
1205 865 1425 916 eorum
1469 845 1779 916 doctrinis
1821 845 2051 914 similia
2092 862 2349 929 essent,
2392 827 2625 932 exquiq'

736 983 1021 1035 ter-emus
1037 1011 1064 1047 ,
1127 962 1540 1050 perfecimus.
1622 962 1817 1032 Nunc
1856 962 1935 1029 ad
1971 963 2397 1048 gravissimam
2443 984 2627 1034 com·

738 1081 1081 1168 putationis
1141 1094 1384 1165 partem
1440 1080 1826 1152 accedimus.
1907 1079 2288 1168 Quaerimus
2308 1127 2334 1165 ,
2379 1082 2620 1165 quibus

735 1197 811 1264 in
851 1197 1041 1265 rebus
1089 1197 1445 1266 discesserit
1486 1195 1565 1265 ab
1627 1196 1751 1266 illis
1794 1199 1999 1267 Plato.
2085 1199 2268 1285 Quae
2320 1200 2625 1284 disquisi-

735 1314 835 1386 tio
880 1332 1004 1382 nos
1059 1328 1292 1400 sponte
1337 1313 1514 1381 ducit
1574 1316 1653 1383 ad
1692 1313 2119 1383 Eleaticorum
2169 1315 2409 1398 ¹placita
2466 1317 2616 1399 phi-

735 1432 1184 1518 losophorum.
1266 1431 1435 1502 Nam
1493 1430 1593 1498 his
1630 1433 1738 1499 ille
1789 1431 2085 1500 debuisse
2135 1434 2404 1501 maxime
2440 1434 2620 1504 vide·

734 1564 898 1642 ‘W’
943 1569 1107 1634 quae
1165 1551 1299 1636 περὶ
1336 1555 1446 1621 τοῦ
1487 1548 1686 1630 ὄντος,
1730 1547 1809 1615 dc
1860 1565 1939 1615 eo
1995 1549 2172 1634 quod
2212 1561 2370 1631 est,
2403 1549 2482 1616 de
2520 1569 2628 1617 re·

730 1667 863 1747 hus
921 1665 1118 1739 firmis
1174 1679 1240 1734 et
1299 1664 1802 1734 immutabilibus
1836 1664 2334 1768 philosophatus
2378 1682 2503 1736 est.

1050 1855 1628 1926 Eleaticorum
1690 1864 1859 1947 περὶ
1915 1867 2044 1933 τοῦ
2105 1866 2325 1943 ὄντος

642 2065 674 2086 Ἰ
775 1974 1076 2063 effata.
1175 1972 1391 2062 QuId
1442 1978 1535 2042 in
1595 1976 1732 2045 bis
1785 1973 2191 2067 probavit
2253 1981 2562 2051 Plato?

760 2163 959 2240 ·.Ut
984 2181 1119 2232 non
1196 2182 1463 2251 prorsus
1543 2161 1757 2249 reiecit
1827 2161 2360 2248 philosophorum
2382 2211 2409 2247 ,
2491 2165 2609 2248 qui

731 2284 947 2358 edm
975 2285 1255 2355 κινεῖσθαι
1292 2279 1590 2348 dicebant
1615 2327 1639 2361 ‚
1681 2279 2028 2350 doctrinam
2051 2327 2077 2364 ‚
2122 2280 2210 2348 im
2259 2282 2614 2351 habuerunt

731 2399 1162 2474 Eleaticomm
1204 2396 1436 2483 placita
1449 2444 1475 2479 ,
1548 2395 1661 2481 qui
1711 2404 1783 2471 τὸ
1839 2405 1965 2471 πᾶν
2001 2402 2217 2474 kaim
2272 2403 2618 2469 contende-

730 2517 887 2584 bant
907 2563 933 2600 ‚
999 2515 1176 2598 quod
1232 2513 1638 2583 admiraretur
1702 2514 2129 2598 probaretque
2176 2516 2604 2585 vehementer.

724 2632 931 2721 Quod
997 2631 1165 2700 enim
1218 2630 1288 2698 hi
1357 2631 1438 2700 de
1493 2631 1863 2702 immutabili
1917 2640 2025 2703 wi)
2084 2634 2246 2714 ὄντος
2298 2634 2618 2702 εοηάἰῑίοέ

722 2755 833 2820 ne'
858 2764 1364 2819 asseveraverant
1386 2796 1413 2832 ,
1473 2748 1540 2816 id
1595 2767 1744 2816 cum
1792 2749 2006 2817 studio
2047 2749 2225 2833 veri,
2271 2771 2403 2837 quo
2468 2751 2614 2838 ipse

722 2869 984 2938 ardebat
999 2916 1024 2951 ,
1041 2867 1431 2954 congruebat
1463 2865 1755 2936 mirifice:
1804 2879 1870 2934 et
1901 2886 2054 2934 vero
2073 2913 2100 2949 ,
2143 2868 2429 2950 quamvis
2463 2888 2617 2937 sm·

726 2986 945 3054 tentia·
978 3003 1236 3067 eorum,
1291 2983 1381 3051 nil
1446 2982 1713 3065 mutari,
1773 2985 1886 3052 sed
1955 2998 2122 3052 stare
2188 2987 2440 3069 omnia,
2496 2988 2614 3055 ab·

720 3103 919 3173 surda
986 3101 1114 3188 ipsi
1166 3101 1489 3170 videretur
1518 3148 1544 3184 ,
1608 3116 1814 3169 tamen
1885 3101 2173 3170 acerbius
2241 3122 2356 3172 eos
2403 3121 2618 3188 repre-

718 3219 1000 3289 hendere
1019 3266 1044 3301 ,
1103 3216 1485 3287 Parmenidis
1534 3217 1802 3286 maxime
1857 3237 2079 3287 caussa
2099 3267 2124 3303 ,
2171 3220 2481 3307 principis
2538 3222 2610 3290 in

724 3339 840 3406 ina
896 3338 1075 3406 secta
1143 3335 1564 3421 philosophi,
1648 3337 2208 3404 verecundabatur.
2312 3339 2504 3425 Quod
2571 3361 2610 3407 e

724 3454 1035 3541 proximis
1109 3453 1178 3520 in
1249 3452 1599 3520 Theaeteto
1677 3451 1837 3520 locis
1915 3453 2315 3540 intelligitur.
2440 3458 2604 3528 Nam

725 3587 1068 3658 postquam
1123 3570 1249 3641 ime
1307 3571 1688 3655 Protagorae
1726 3571 1966 3637 dictum
1993 3618 2016 3653 ,
2063 3570 2341 3664 omniurn
2399 3592 2603 3640 rerum

720 3689 1044 3760 hominem
1101 3707 1454 3764 mensuram
1517 3705 1703 3770 esse,
1780 3689 1903 3756 sub
1980 3688 2257 3780 Socratis
2309 3693 2608 3773 persona

708 3804 1028 3896 'explicuit
1049 3853 1074 3888 ‚
1137 3805 1214 3871 ad
1266 3804 1586 3871 Eleaticos
1643 3803 1943 3890 deinceps
1999 3806 2455 3890 transgrediens
2507 3808 2607 3877 sic

708 3927 875 4006 facit
927 3923 1192 3992 eundem
1264 3922 1586 3994 Socratem
1657 3924 1784 3996 de
1804 3922 1903 3994 his
1959 3938 2077 3994 et
2063 3923 2461 3992 Parmenide
2515 3929 2617 3996 di..

717 4055 987 4116 centem.
1073 4041 1381 4114 Μέλισσον
1434 4043 1546 4126 μὲν
1581 4042 1705 4130 ,καὶ
1767 4044 1906 4119 τοὺς
1955 4041 2179 4126 ἄλλους
2240 4038 2295 4118 οἳ
2354 4040 2417 4116 ἓν
2466 4049 2608 4136 ἑτι-ὤς

2465 4179 2612 4232 Cen·
