2900 4817
655 622 1425 724 nomint—'Equidem
1482 638 1833 708 nomem
1876 639 1943 705 is
1994 618 2345 724 pangam
2388 644 2531 709 cars

655 761 931 827 minibus
981 744 1173 839 epicis
1231 739 1573 823 admiratus
1625 772 1767 823 sum
1824 756 2089 822 maxime
2110 802 2135 838 ,
2198 758 2265 823 in
2310 759 2533 843 diury-'²

656 862 875 943 rambo
928 871 1418 956 Melanippidem
1443 918 1471 953 ,
1515 873 1582 939 in
1627 873 1941 957 tragoedIa
2001 873 2411 959 Sochoclem,
2452 876 2522 943 in

658 992 949 1060 statuaria
977 991 1414 1072 Polycletum,
1453 989 1524 1061 in
1566 988 1812 1072 pictura
1850 990 2140 1058 Zeuxim.
2228 990 2358 1058 Hic
2404 993 2529 1059 So-

662 1123 902 1192 crates,
985 1107 1113 1173 utri
1171 1124 1322 1172 vero
1381 1106 1680 1174 <ridentur
1734 1103 1853 1171 tibi
1872 1152 1899 1187 ,
1975 1106 2185 1190 inquit
2204 1154 2233 1187 ‚
2292 1110 2533 1194 majore

664 1220 836 1307 digni
893 1234 1041 1289 esse
1091 1218 1537 1300 admiratione,
1581 1218 1694 1303 qui
1738 1219 2066 1287 simulacra
2116 1220 2346 1288 mentis
2393 1241 2537 1287 mo-

662 1353 901 1422 tusque
957 1337 1233 1422 expertia
1270 1335 1608 1419 perficiunt
1628 1382 1655 1418 ,
1718 1355 1797 1402 an
1844 1337 1958 1420 qui
1996 1311 2280 1404 animalia
2323 1351 2535 1405 mente

665 1470 732 1523 et
787 1468 966 1521 motu
1024 1453 1298 1538 praedita
1331 1451 1461 1518 (οἳ
1500 1490 1591 1507 -
1646 1450 1739 1521 Et
1798 1453 1887 1520 sic
1940 1455 2191 1537 quidem
2248 1475 2283 1522 a
2342 1457 2533 1523 rebus

669 1573 875 1641 cuivis
930 1570 1328 1655 patentibus,
1408 1588 1696 1653 quaeque
1753 1571 2044 1638 sensibus
2099 1566 2535 1657 percipiuntur

671 1690 752 1756 ad
804 1704 906 1756 res
949 1689 1192 1756 divinas
1229 1687 1482 1768 Deique
1542 1686 2000 1770 providentiam
2043 1689 2347 1756 escendit.
2409 1689 2536 1757 Sed

672 1807 915 1890 hospes
979 1802 1063 1870 sit
1122 1821 1381 1871 necesse
1426 1814 1525 1870 est
1579 1803 1649 1870 in
1715 1805 1967 1887 scriptis
2026 1804 2488 1873 Socraticorum
2508 1853 2539 1891 ,

671 1921 787 2005 qui
837 1921 944 1987 vel
993 1919 1192 1987 verbo
1242 1918 1525 1986 monitus
1545 1964 1573 2001 ,
1614 1938 1745 1985 non
1790 1922 1948 1986 hanc
1992 1922 2303 1988 continuo
2350 1921 2543 1989 ratio·

669 2054 814 2103 nem
886 2036 1093 2103 auimo
1164 2049 1610 2121 repraesentat.
1742 2036 2202 2121 Quoscumque
2276 2038 2541 2106 habebat

671 2152 966 2221 Socrates
1020 2171 1165 2219 cum
1218 2153 1711 2237 quibuscunque
1761 2154 2126 2222 hominibus
2174 2174 2541 2239 sermones,

545 2326 552 2335 .
672 2284 811 2338 tum
868 2270 1052 2339 etiam
1073 2318 1100 2353 ,
1188 2291 1384 2355 quum
1432 2272 1678 2357 judices
1735 2270 2173 2352 alloquebatur
2242 2274 2541 2358 publice,

667 2402 748 2455 ut
801 2389 1204 2473 persuaderet
1263 2387 1388 2455 illis
1411 2434 1436 2469 ,
1478 2407 1516 2454 a
1571 2387 1760 2454 rebus
1800 2388 2187 2456 tenuissimis
2254 2405 2320 2457 et
2370 2392 2550 2460 vilis·

670 2506 850 2574 simis
885 2508 1165 2589 exempla
1197 2505 1490 2589 petebatx
1536 2520 1789 2573 sutores
1826 2507 2238 2590 loquebatur,
2280 2507 2541 2592 fibros,

669 2625 986 2706 rusticos,
1033 2641 1409 2705 -eorumque
1456 2636 1623 2692 artes
1678 2636 1744 2690 et
1808 2625 2244 2692 instrumenta.
2314 2658 2329 2669 -
2363 2626 2539 2694 Haec

675 2744 919 2811 scilicet
979 2740 1275 2807 omnibus
1330 2754 1507 2808 erant
1573 2754 1724 2809 nota
1744 2787 1771 2822 ,
1832 2759 1965 2807 non
2017 2743 2208 2808 cultis
2253 2756 2497 2811 tantum
2520 2792 2547 2828 ,

671 2862 788 2928 'sed
849 2858 1113 2926 rudibus
1185 2859 1370 2926 etiam
1429 2871 1498 2926 et
1566 2858 1927 2944 agrestibus
1957 2905 1983 2940 ,
2066 2858 2279 2942 puerIs
2340 2860 2543 2928 adeo:

672 2979 787 3044 sed
838 2976 1073 3043 ducens
1134 2975 1240 3044 ille
1282 2995 1319 3040 a
1371 2974 1642 3040 sordidis
1710 2974 1811 3041 his
1876 2988 1941 3040 et
1998 2974 2258 3060 abjectis
2311 2984 2553 3044 sermo·

674 3114 838 3175 nes,
879 3111 983 3160 res
1023 3092 1369 3159 declarabat
1425 3089 1763 3171 facillime,
1809 3091 1889 3156 de
1936 3091 2172 3173 quibus
2211 3092 2550 3160 cultissimi

674 3214 798 3280 viri
851 3213 1024 3280 omni
1080 3225 1365 3294 tempore
1414 3209 1526 3275 vix
1582 3209 1920 3291 quidquam
1979 3184 2341 3294 proferre,=
2372 3212 2552 3294 quod

674 3329 1012 3414 probabile
1065 3339 1276 3408 esset,
1332 3338 1691 3408 potuerant.
1822 3324 1929 3391 Ab
1994 3324 2343 3393 Aristotele
2400 3330 2550 3394 haec

676 3448 837 3514 ratio
886 3450 1187 3529 ἐπαγωγὴ
1245 3441 1408 3509 dicta
1475 3454 1572 3509 est
1620 3438 1718 3523 ω,
1762 3460 1800 3507 a
1842 3441 2159 3509 Cicerone
2202 3458 2267 3510 et
2307 3443 2556 3512 Latinis

682 3559 988 3627 inductio.
1073 3544 1248 3626 Haec
1308 3556 1576 3623 docendi
1637 3556 1798 3622 ratio
1858 3574 2045 3639 quam
2105 3556 2193 3623 sit
2245 3559 2553 3644 simplex,

679 3692 868 3760 quam
928 3675 1079 3741 item
1137 3675 1217 3742 ad
1273 3671 1771 3759 persuadendum
1832 3671 2049 3743 efficax
2074 3721 2100 3757 ‚
2162 3693 2352 3743 nemo
2414 3690 2554 3759 est,

685 3797 694 3805 ’
2256 3816 2273 3823 ·
2398 3795 2564 3877 quin

752 3944 836 4017 (ι)
881 3944 1137 4013 Xenoph.
1176 3942 1343 4001 xm.
1380 3946 1433 4000 1.
1466 3946 1523 3999 4.
1558 3949 1614 4017 §0
1650 3963 1701 3999 a.
1736 3946 1787 3999 5.
1922 3946 2017 4017 (ι)
2060 3947 2293 3999 Ari-tot.
2337 3947 2570 4020 Antip.

677 4053 823 4118 post.
863 4044 936 4100 L.
969 4044 1021 4101 Ι.
1053 4062 1106 4100 e·
1142 4062 1189 4099 ι.
1229 4042 1374 4115 ⁵1⁸⁰}-
1407 4044 1459 4098 l.
1490 4048 1586 4100 ¹10.
1626 4048 1689 4098 et
1714 4040 1933 4116 pn'd'm
1976 4036 2096 4100 eie.
2138 4044 2283 4115 TO,-
2322 4064 2373 4100 e·
2400 4064 2499 4106 20.
