2900 4817
1084 459 1306 539 --63
1351 476 1446 515 ⁵-

336 630 687 699 universam
736 638 878 703 veri
919 636 1366 729 pathmum
1402 640 1686 711 matonis
1705 668 1711 674 ’
1733 641 2159 711 declarandam
2174 687 2207 727 ,

331 750 757 851 institmmus.
884 755 1310 839 Apponamus
1356 758 1457 842 ei,
1513 778 1646 842 quo
1693 759 1953 844 propria
2000 759 2213 844 ipsius
2301 806 2310 814 -

333 868 539 937 virtus
593 871 907 938 elucescat
944 873 1144 960 magis
1165 920 1191 956 ,
1248 866 1745 962 metaphysicmn
1797 876 2202 967 Aristotelis.

513 1104 634 1174 Do
689 1104 1276 1197 moiaphyuces
1337 1110 1570 1201 apud
1623 1112 1997 1185 Graccos

1013 1228 1532 1316 originibus.

420 1438 783 1509 Lntuerunt
817 1442 936 1511 hae
971 1442 1082 1510 diu
1115 1442 1185 1511 in
1232 1444 1594 1513 lonicorum
1633 1445 2028 1530 aliorumque
2066 1445 2214 1531 phi·

331 1554 750 1645 losophorum
787 1560 1019 1629 studiis
1064 1582 1137 1629 ac
1180 1561 1516 1629 doctrinis.
1606 1562 2079 1650 Quaesiverunt-
2110 1563 2209 1631 illi

334 1670 468 1746 fei-e
507 1679 588 1747 de
643 1679 829 1747 rebus
865 1680 1193 1764 phydcis,
1223 1680 1644 1764 studioseque
1692 1695 1905 1749 earum
1936 1700 2214 1779 ,caussas

333 1795 786 1866 remotissimas
836 1796 1203 1882 primasque
1254 1799 1690 1882 explorarunt.
1820 1793 1984 1865 Nam
2041 1798 2219 1880 inna-

334 1927 471 1980 tum
511 1913 792 1981 hominis
833 1912 1044 1983 animo
1085 1915 1369 1984 studium
1415 1915 1794 2001 exquirendi
1837 1931 1987 2000 est,
2025 1918 2226 1988 unde-

333 2049 476 2101 nam
524 2051 688 2113 quae
723 2031 899 2099 videt
924 2079 950 2115 ,
1004 2017 1170 2117 quae
1215 2033 1428 2115 audit,
1490 2051 1655 2116 quae
1700 2032 1973 2119 percipit
2015 2033 2223 2104 omni-

336 2164 424 2215 no
465 2149 762 2217 sensibus
782 2195 806 2230 ‚
851 2150 1247 2229 exstiterint:
1340 2146 1521 2233 quod
1557 2149 1624 2216 in
1662 2151 1948 2234 parvulis
2002 2165 2225 2236 patet,

339 2265 625 2351 singula,
667 2285 785 2332 cur
826 2266 912 2332 ita
956 2284 1029 2332 se
1074 2265 1388 2347 habeant,
1434 2266 1528 2333 sic
1570 2263 1964 2348 acciderint,
2009 2265 2227 2337 scisci-2

342 2383 664 2453 tantibus:
753 2384 867 2451 sed
931 2382 1308 2468 philosophi
1365 2382 1505 2466 illi,
1565 2383 1809 2470 quippe
1839 2385 2231 2477 philosophi,

340 2500 468 2569 imo
508 2504 813 2590 sapientes
836 2548 860 2583 ‚
918 2500 1107 2569 altius
1164 2515 1571 2586 spectantes,
1626 2502 2232 2587 considerantesque

337 2632 404 2688 ct
442 2619 728 2686 siderum
796 2634 1010 2686 motus
1050 2632 1114 2686 et
1161 2616 1326 2685 solis
1364 2620 1678 2702 lunaeque
1722 2639 1978 2687 cursum
2017 2633 2082 2687 et
2127 2638 2228 2688 re·

341 2753 477 2803 rum
521 2737 960 2803 universarum
1008 2734 1491 2803 vicissitudines
1536 2756 1608 2801 ac
1652 2738 2232 2821 naturam‚horum

343 2851 919 2919 omnium‘ultimas
951 2871 1203 2921 caussas
1238 2851 1730 2938 investigarunt.
1819 2855 2016 2940 Quod
2057 2857 2231 2940 apud

344 2970 644 3054 antiquos
692 2972 820 3057 jam
866 2970 1212 3039 Phoenices
1268 2971 1559 3052 aliosque
1616 2969 1880 3037 orientis
1945 2973 2236 3056 populos

345 3087 778 3173 factitaverant
824 3088 1181 3172 sapientem
1207 3089 1373 3155 unde
1418 3092 1707 3170 Oeoyovlus
1743 3102 1807 3154 et
1843 3096 2226 3174 κοσμοποιΐαι

345 3205 749 3273 exstiterunt.
854 3206 1114 3273 Graeci·
1141 3223 1351 3281 autem
1403 3205 1473 3273 in
1534 3207 1673 3290 ipsa
1735 3225 1945 3273 rerum
1999 3213 2229 3286 natura

346 3330 596 3379 caussas
636 3313 913 3379 omnium
956 3313 1326 3403 indagantes
1349 3361 1373 3396 ‚
1432 3315 1539 3381 vel
1597 3319 1875 3400 ςοιχείαι,
1918 3317 2227 3403 elementa

345 3442 600 3495 naturae
658 3449 818 3512 quae
859 3443 1169 3497 vocantur
1190 3477 1215 3512 ‚
1259 3430 1665 3497 attenderunt
1708 3431 2018 3513 maxime,
2063 3452 2227 3516 quo·

341 3564 479 3621 rum
522 3545 691 3611 aliud
726 3544 835 3611 alii
874 3564 1158 3633 caussam
1199 3563 1408 3613 rerum
1447 3548 1825 3615 naturalium
1856 3550 2222 3633 'primariam

344 3663 741 3731 habuerunt:
828 3665 930 3730 vel
967 3669 1266 3748 ἁτομοὺς,
1312 3677 1386 3730 ut
1445 3664 1820 3750 Leucippus
1878 3680 1941 3732 et
1981 3668 2219 3737 Demo·

343 3781 539 3859 ctitus
590 3781 933 3863 finxerunt.
1019 3780 1388 3849 Exstabant
1424 3783 1623 3868 igitur
1662 3783 1727 3849 in
1771 3784 1870 3851 his
1915 3789 2219 3868 quodam-

311 3901 537 3994 ⁴tnodo
583 3899 1050 3987 metaphysicae
1097 3890 1415 3985 originesx
1507 3919 1887 3984 quamquam
1938 3904 2216 3971 latebant

344 4015 551 4084 adhuc
569 4061 595 4099 ‚
655 4019 924 4088 necdum
966 4018 1106 4104 ipsa
1129 3996 1579 4103 'metaphysica
1614 4020 1970 4092 exstiterat.
2050 4022 2220 4091 Pro·

2063 4138 2211 4223 pius
