2900 4817
314 692 551 745 merare
594 685 659 741 et
701 673 1096 756 supputare?
1181 673 1338 741 Non
1392 687 1490 741 est
1509 690 1550 755 ,·
1614 669 1826 757 inquit
1885 668 2138 747 Glauco
2155 720 2186 758 ‚

313 794 372 859 si
428 810 613 876 quam
674 789 991 857 minimam
1060 791 1241 859 etiam
1303 789 1634 858 habiturus
1710 790 1797 858 sit
1860 789 2013 859 aciei
2087 789 2186 859 in·

310 908 644 976 struendae
701 906 1056 976 facultatem
1076 955 1101 990 ,
1146 908 1569 992 omninoque,
1612 907 1674 976 si
1712 910 1817 978 vel
1853 910 2042 977 hono
2098 906 2207 978 s'it'

304 1024 593 1093 futurus·
724 1025 854 1093 Cui
917 1025 1250 1109 Socrates,
1338 1041 1679 1113 reputasne
1732 1040 1854 1110 tu,
1935 1026 2187 1113 inquit,

312 1143 475 1210 idem
529 1144 609 1209 de
659 1143 773 1210 hac
834 1143 1212 1229 disciplina,
1256 1145 1433 1227 quod
1490 1143 1664 1229 ego?
1703 1177 1797 1200 —-
1835 1141 2191 1230 Quid-tan-

314 1262 453 1329 dem
473 1262 510 1328 *ἒ
571 1297 665 1315 -
721 1266 1051 1363 Κινδυνεύςι
1125 1270 1240 1333 τῶν
1299 1265 1442 1347 πρὸς
1499 1265 1609 1341 τὴν
1663 1263 1855 1341 νόησιν
1914 1264 2186 1344 ἀγόντων

314 1383 500 1466 φύσει
540 1379 689 1453 εἶναι
728 1378 759 1452 ὃ
799 1383 1090 1466 ζητοῦμεν
1105 1424 1133 1459 ,
1172 1382 1430 1464 χρῆσθαι
1467 1380 1520 1449 δ’
1555 1379 1744 1454 οὐδεὶς
1780 1379 1946 1461 αὐτ-ᾤ
1980 1380 2190 1462 ὀρθῶς,

314 1501 570 1583 ἑλκτικῷ
634 1499 756 1567 ὄντα
817 1498 1179 1567 παντάπασι
1239 1497 1383 1579 πρὸς
1444 1496 1650 1565 οὐσίαν
1690 1488 1782 1558 c¹³.
1899 1491 2006 1557 ld·
2037 1504 2196 1558 vero

314 1630 436 1681 nec
486 1613 738 1681 Glauco
794 1611 1088 1696 intelligit
1139 1609 1449 1679 continuo
1473 1655 1500 1691 ,
1537 1626 1682 1676 nec
1743 1607 2034 1675 Socrates
2086 1606 2200 1674 de-

314 1731 550 1796 clarare
591 1728 716 1795 nisi
749 1728 1091 1796 subtiliore
1128 1725 1558 1810 disputatione
1614 1738 1833 1811 potest
1854 1770 1881 1807 ,
1923 1740 2050 1791 nos
2085 1742 2199 1792 ve·

315 1863 392 1912 ro
442 1862 576 1928 quo
632 1844 871 1930 aptius·
898 1843 1284 1930 pleniusque
1324 1862 1472 1912 cum
1532 1842 1950 1930 intelligamus
1966 1868 2007 1926 ,·
2056 1857 2195 1909 tum

320 1977 527 2030 totum
580 1954 789 2029 animo
816 1946 1262 2048 “percipiamus
1288 2005 1314 2045 ,
1374 1974 1514 2029 tum
1571 1960 1756 2029 etiam
1809 1978 1969 2043 quae
2022 1959 2202 2028 dein-

320 2099 472 2166 ceps
530 2080 824 2148 Socrates
903 2079 983 2148 de
1039 2077 1425 2164 geometriA,
1489 2077 1571 2146 de
1621 2076 2054 2163 astronomia,
2117 2077 2204 2163 de

318 2196 643 2264 harmonia
669 2170 747 2264 ‘et
795 2196 1118 2265 dialectica
1168 2195 1457 2265 dicturus
1523 2210 1624 2263 est
1644 2243 1671 2279 ‚
1712 2196 1966 2279 assequi
2034 2214 2200 2277 quo-

324 2314 656 2383 dammodo
682 2360 687 2366 ·
717 2314 1078 2399 possimuS,
1144 2332 1277 2381 rem
1316 2326 1602 2396 repetere
1644 2314 1837 2398 paulo
1889 2312 2070 2381 altius
2133 2327 2202 2380 et

319 2432 638 2500 attendere
672 2431 796 2499 hoc
840 2433 985 2499 loco
1025 2431 1565 2518 Pythagoreorum
1608 2427 1956 2498 doctrinam
2008 2448 2206 2514 opor·

256 2558 265 2569 '
320 2562 436 2617 tet.

409 2665 824 2734 Orientalium
879 2668 1160 2752 gentium
1181 2713 1208 2749 ‚
1272 2654 1509 2751 quibus
1565 2666 1797 2734 Graeci
1846 2666 2200 2735 debuerunt

324 2785 521 2853 multa
543 2836 563 2867 ‚
636 2783 924 2867 quamvis
969 2797 1042 2849 ut
1093 2783 1387 2850 barbaras
1429 2797 1808 2866 spreverunt
1857 2801 1961 2849 eas
2015 2782 2150 2850 fere
2170 2830 2196 2863 ,

322 2900 702 2969 admirabilis
765 2899 1068 2983 quaedam
1116 2897 1244 2965 fuit
1302 2916 1436 2964 non
1496 2897 2032 2984 philosophandi,
2089 2898 2202 2964 sed

322 3017 681 3089 invent'cndi
731 3016 1013 3085 solertia.
1120 3016 1509 3084 Invenerunt
1559 3029 1769 3082 autem
1834 3014 1938 3079 illa
1996 3015 2201 3098 potis·
2308 3086 2318 3109 ἱ

319 3137 548 3207 simum
571 3183 597 3218 ,
684 3153 881 3220 quae·
913 3134 995 3202 ad
1053 3134 1225 3203 vitae
1283 3153 1476 3201 usum
1545 3132 1936 3218 pertinerent
1956 3179 1981 3215 ,
2064 3147 2201 3200 tum

323 3271 545 3324 eorum
587 3252 773 3321 etiam
825 3251 999 3320 initia
1023 3299 1048 3335 ,
1093 3268 1256 3336 quae
1300 3250 1542 3318 artibus
1584 3249 1810 3316 dein‘de
1862 3263 1925 3315 et
1969 3248 2205 3315 doctri·-

326 3371 430 3440 nis
481 3368 727 3438 utiliter
772 3369 1056 3436 adhibita
1108 3381 1284 3437 sunt.
1413 3368 1597 3455 Quae
1655 3366 1861 3451 qualia
1915 3364 2152 3432 fuerint
2175 3412 2202 3448 ‚

327 3487 516 3556 facile
575 3483 1021 3567 assequimur,
1082 3483 1194 3551 ubi
1249 3485 1405 3551 haec
1459 3485 1644 3570 ipsa,
1709 3502 1869 3567 quae
1910 3482 2033 3549 illis
2098 3485 2205 3552 de-

331 3607 609 3675 buerunt
661 3600 891 3669 Graeci
915 3647 940 3683 ,
982 3617 1233 3685 nosque
1270 3600 1419 3669 item
1473 3614 1695 3684 postea
1722 3599 1799 3666 ab
1845 3598 2064 3667 iisdem
2104 3621 2207 3697 ac·

329 3725 657 3810 cepimus,
702 3734 1090 3805 reputamus.
1170 3719 1244 3785 In
1285 3718 1384 3785 his
1422 3731 1494 3783 ut
1525 3717 1740 3784 literae
1781 3734 1976 3827 sunt2
2016 3736 2210 3800 quae-

338 3859 466 3925 que
523 3838 961 3927 agriculturam
1032 3849 1341 3921 artesque·
1410 3835 1794 3903 mechanicas
1870 3850 2156 3921 spectant
2181 3883 2208 3915 ‚

390 4014 397 4021 .
2122 3949 2207 4027 ita

419 4090 504 4164 (ι)
541 4088 629 4144 De
668 4089 804 4161 nep.
841 4088 982 4148 Vll.
1014 4090 1135 4149 521·
1172 4090 1246 4151 D.
1287 4120 1362 4138 -
1394 4088 1515 4147 525.
1553 4091 1622 4147 A.
