2900 4817
1447 373 1882 471 ‚-160--

728 568 806 638 di·
842 546 1866 645 demonstrandique'severitatem
1904 560 2338 643 adducuntur,
2385 572 2451 627 ct
2490 574 2609 628 noa

731 696 880 757 cent
931 681 1193 763 ingeniis
1237 678 1515 765 magistri
1541 725 1565 759 ‚
1612 678 1723 760 qui
1778 677 2080 745 maturius
2144 698 2332 761 quam
2380 694 2601 747 natura

728 803 852 871 fert
874 849 898 885 ,
938 797 1314 868 dialecticam
1352 795 1430 861 iis
1478 795 1940 863 Aristotelicum
1987 794 2415 863 addiscendam
2449 788 2615 881 pro-²

724 931 1009 1005 ponunt3
1054 916 1166 982 sed
1204 917 1539 1001 exquirere
1554 959 1578 989 ‚
1621 911 1916 979 divinare
1934 959 1960 995 ‚
2020 894 2367 996 coniicerfi
2425 917 2602 980 ime·

641 1028 648 1035 ’
721 1039 902 1117 nire,
949 1033 1036 1099 'id
1075 1029 1524 1099 adolescentiae
1571 1032 1851 1096 naturale
1886 1029 2161 1095 studium
2214 1045 2309 1097 est
2328 1077 2354 1113 ‚
2402 1030 2601 1096 idem·

726 1170 851 1235 que
901 1150 957 1216 si
1006 1154 1154 1232 apta
1211 1147 1512 1215 methodo
1537 1193 1561 1229 ,
1604 1224 1619 1240 .
1645 1161 1717 1213 ut
1772 1165 1874 1213 ars
1928 1146 2033 1214 illa
2088 1147 2367 1214 Platonis
2450 1163 2548 1215 est
2565 1192 2609 1229 ‚-

721 1266 964 1352 regitur
988 1313 1012 1348 ‚
1098 1284 1175 1331 eo
1229 1264 1422 1331 simul
1473 1264 1689 1346 valet,
1774 1278 1849 1329 ut
1904 1263 2052 1347 quis
2099 1279 2318 1348 postea
2374 1264 2595 1332 ordine

669 1386 674 1391 '
725 1383 1027 1451 disserere
1076 1401 1147 1449 ae
1204 1382 1470 1466 probare
1515 1395 1799 1449 accurate
1853 1395 1916 1447 et
1968 1383 2386 1449 demonstrare
2434 1394 2611 1467 pos-1

722 1503 835 1571 sit.
932 1501 1129 1589 Quod
1174 1500 1335 1567 vidit
1390 1501 1571 1568 Plato
1595 1547 1621 1582 ‚
1687 1518 1882 1582 quum
1941 1498 2258 1566 solertiam
2311 1499 2475 1566 illam
2523 1513 2591 1565 et

719 1618 1113 1706 sagacitatem
1175 1617 1489 1699 simulque
1542 1615 1856 1695 levitatem
1901 1616 2092 1702 hujus
2132 1615 2349 1682 aetatis
2392 1606 2605 1699 respi-'

725 1735 900 1802 ciens
923 1782 949 1817 ‚
1011 1733 1433 1800 adolescentes
1484 1737 1720 1818 χαίρειν
1782 1732 2012 1798 diceret
2029 1784 2050 1810 ,
2115 1735 2303 1820 ὥςπερ
2357 1728 2605 1807 cunavi?

721 1882 826 1926 xm
842 1903 865 1930 ‚
945 1856 1030 1936 τῷ
1085 1849 1279 1919 ἕλκειν
1338 1877 1410 1918 τε
1461 1851 1565 1918 καὶ
1633 1852 2007 1933 σπαράττειν
2063 1857 2149 1936 τῷ
2208 1855 2375 1936 λόγῳ
2442 1857 2579 1930 τοὺς

720 1970 969 2048 πλησίον
1016 1970 1136 2035 ἀεί·
1175 1964 1480 2030 delectari
1498 2010 1522 2045 ,
1564 1964 1919 2030 catulorum
1969 1985 2141 2031 more
2162 2013 2187 2047 ,
2230 1966 2590 2035 distrahen-
2646 1950 2659 1959 ’

712 2082 810 2153 dis
873 2080 1248 2173 disputando
1331 2079 1808 2169 lacerandlsque
1857 2083 2169 2170 proxt'mt‘s
2242 2083 2591 2170 qulbusque

711 2210 949 2290 semper
987 2200 1079 2267 (¹³.
1169 2199 1341 2266 Haec
1394 2198 1580 2282 plane
1629 2200 1927 2285 juvenum
1980 2198 2376 2265 consuetudo
2438 2214 2534 2291 est
2554 2244 2581 2281 ‚

712 2320 828 2404 qui
848 2366 875 2402 ‚
921 2316 1304 2402 priusquam
1367 2336 1481 2401 per
1550 2316 1927 2383 Socraticam
1989 2316 2375 2401 disciplinam
2435 2336 2588 2401 pur-

711 2435 841 2519 gati
862 2481 887 2514 ,
928 2453 1168 2517 perque
1229 2433 1608 2501 Platonicam
1656 2432 1945 2500 ‘instituti
2011 2449 2178 2501 recte
2237 2450 2388 2503 sunt
2411 2481 2436 2516 ‚
2501 2437 2583 2503 de

708 2549 900 2616 rebus
946 2549 1244 2616 omnibus
1295 2549 1601 2615 continuo
1656 2549 1971 2631 disputare
1991 2596 2015 2630 ‚
2060 2570 2362 2634 suamque
2397 2541 2595 2621 unice‘

700 2671 1100 2754 propugnare
1161 2664 1528 2732 sententiam
1598 2665 2068 2749 aggrediuntur.
2154 2666 2575 2755 Quamobrem

704 2782 870 2853 idem
928 2781 1034 2847 ille
1087 2782 1246 2846 bene
1298 2778 1654 2863 cogitandi,
1699 2794 1771 2845 ut
1814 2798 1850 2845 a
1907 2781 2216 2847 Cicerone
2272 2797 2575 2866 vocatur,

703 2896 1000 2981 magister
1039 2895 1437 2963 maturiore·
1492 2897 1958 2977 exspectandam
1999 2911 2257 2964 aetatem
2288 2897 2533 2965 censuit
2554 2892 2591 2983 ,’

705 3034 835 3101 qua
884 3016 1186 3100 juventus
1244 3013 1322 3079 ad
1383 3012 1696 3078 severiora
1761 3013 1912 3077 haec
1970 3013 2178 3080 studia
2248 3017 2579 3083 adducere·

704 3144 836 3198 tur.
965 3129 1268 3197 Nondum
1324 3127 1428 3197 ille
1503 3129 1989 3195 mathematicam
2061 3130 2240 3196 istam
2318 3132 2580 3200 demon-

703 3246 941 3314 strandi
1006 3245 1307 3311 rationem
1333 3291 1357 3325 ,
1441 3245 1625 3328 cujus
1683 3246 1853 3329 leges
1915 3245 2088 3312 dedit
2146 3247 2521 3317 Aristoteles
2544 3298 2571 3334 ‚

655 3394 666 3409 ·
706 3383 996 3448 quaeque
1041 3362 1107 3429 in
1164 3359 1488 3428 Wolfiana
1539 3361 1761 3427 schola
1826 3363 1903 3428 ad
1964 3381 2181 3430 omnes
2254 3365 2573 3432 doctrinas

704 3481 1161 3566 adhibita‚est‚
1200 3478 1552 3562 cognovit3
1599 3478 1657 3545 si
1700 3497 1850 3544 vero
1898 3480 2352 3567 cognovisset,
2411 3478 2585 3550 hanc‘

702 3595 771 3663 in
846 3596 1067 3679 primis
1131 3599 1374 3665 adultae
1449 3594 1744 3679 virilique
1831 3596 2016 3663 aetati
2105 3596 2568 3669 destinavisset.

2397 3712 2569 3783 Nam·

769 3847 857 3924 (ι)
896 3848 982 3901 ne
1015 3846 1152 3916 nep.
1187 3847 1329 3907 vn.
1358 3851 1483 3923 ³³9·
1517 3848 1583 3907 Β.
1638 3849 1714 3907 v.
1735 3834 2039 3925 wim-
2090 3845 2161 3903 αι
2213 3845 2363 3907 mut.
2394 3847 2465 3907 de
2497 3848 2573 3912 8.·

703 3949 779 4011 H.
813 3948 889 4035 Ἲς
921 3965 979 4020 1).
1013 3963 1103 4002 u.-
