2900 4817
946 533 1339 595 ..πρ-ι

356 732 421 750 ”
471 725 692 817 Ωάῖᾰ
758 725 1094 794 tandem
1155 705 1862 804 entstiniaend‘ubi
1941 729 1946 736 '

228 845 457 919 nubi&
515 825 609 915 de
664 848 885 929 veri,
947 847 1198 916 αὕτὸῢ
1242 851 1378 915 τοῦ
1418 846 1682 923 ὄντος,
1745 835 2108 907 scienti!

946 960 1389 1030 videtur?
2085 963 2088 966 ’

278 1165 851 1237 :Fertuatmmums
894 1175 1107 1234 anem
1156 1162 1544 1232 hinc-,nobis
1591 1160 2111 1230 mmeramme

234 1284 687 1370 phfloaopffine
715 1281 1116 1361 Platonicae,
1160 1298 1361 1362 quem-
1391 1277 1899 1362 peragravimus,
1942 1294 2112 1346 mn-

238 1422 390 1487 pum
417 1448 441 1482 ‚
526 1400 682 1484 quid
738 1417 871 1467 non
925 1397 1009 1465 sit
1066 1395 1371 1475 scientia.
1449 1411 1748 1478 apparere
1808 1392 2109 1474 videtur.

243 1517 398 1600 quid
430 1535 586 1583 vero
619 1518 741 1598 sit,
787 1516 893 1580 vix
929 1527 1211 1597 apparet.
1296 1513 1435 1579 Nec
1470 1514 1733 1589 αἴσθησιν
1772 1527 1905 1574 eam
1930 1527 2109 1588 esse,

246 1637 421 1719 quod
470 1635 894 1719 Protagorae,
952 1649 1066 1697 nec
1118 1632 1331 1716 δοξὲγ,
1381 1630 1586 1712 quod.
1625 1626 1916 1696 universe
1979 1624 2116 1692 fere

244 1765 309 1819 et
362 1750 672 1834 sophistis
730 1764 795 1816 et
843 1747 1202 1814 oratoribus
1256 1763 1318 1812 et
1374 1763 1560 1842 yero-
1590 1742 1986 1814 fluitantibus
2044 1742 2119 1806 il-

248 1867 325 1933 lis
349 1864 753 1950 philosophis
777 1863 1009 1946 placuit
1031 1906 1055 1944 ‚
1102 1862 1453 1930 Theaeteto
1500 1860 1767 1945 legendo
1800 1860 2111 1942 vidimus;

250 1983 406 2064 sed,
470 1983 636 2048 lecto
677 1979 971 2064 dialogo,
1018 1997 1179 2063 quae
1230 1978 1438 2072 ipsius
1496 1977 1686 2044 fuerit
1737 1979 1851 2044 hac
1902 1978 1982 2045 de
2047 1995 2119 2044 re

247 2095 522 2165 auctoris
576 2097 923 2175 sententia,
968 2093 1199 2162 frustra
1263 2094 1720 2176 quaesivimus.
1809 2095 2121 2162 Adverte-

252 2228 401 2282 runt
438 2228 706 2279 mentem
744 2225 1022 2310 nostram
1070 2228 1219 2295 prae
1266 2210 1562 2276 omnibus
1606 2210 1870 2278 maxime
1908 2201 1994 2283 τά
2031 2213 2124 2284 ὅν·

250 2360 382 2412 sm,
428 2348 588 2412 quae
628 2328 798 2394 ideas
839 2328 1118 2409 itemque
1158 2331 1641 2413 παραδείγματι
1682 2343 1894 2395 vocat.
1981 2327 2126 2396 Ho-

258 2468 397 2515 rum
438 2447 697 2513 scientia
732 2445 902 2531 apud
947 2463 1092 2536 eum
1128 2444 1331 2528 ipsius
1369 2459 1469 2511 est
1503 2446 1782 2512 veritatis
1819 2446 2120 2540 scientia3

256 2581 323 2634 et
382 2564 663 2652 legendis
723 2581 845 2630 nos
921 2537 1142 2629 ordine
1197 2562 1496 2645 deinceps
1565 2581 1709 2629 cum
1782 2561 2124 2634 dialecticis

156 2763 167 2778 .
259 2683 537 2768 ejusdem
560 2729 584 2764 ,
628 2696 765 2749 tum
801 2680 1134 2766 praecipue
1163 2678 1610 2764 metaphysicis
1649 2678 1910 2764 dialogis
1933 2726 1958 2759 ‚
2001 2697 2129 2748 una

258 2819 404 2866 cum
460 2814 718 2865 auctore
751 2796 1077 2863 dialectico
1118 2796 1336 2864 itinere
1373 2796 1690 2881 persecuti
1730 2816 1803 2863 ea
1851 2816 2120 2881 sumus;

263 2928 587 2983 assecutos
630 2929 833 2981 autem
874 2933 996 2980 nos
1040 2931 1183 2980 esse
1204 2959 1229 2996 ,
1272 2913 1480 2979 dicere
1499 2932 1629 2982 non
1647 2914 1872 2983 ausim.
1959 2916 2132 2982 Nam

266 3034 557 3101 recedere
613 3032 800 3099 nobis
854 3049 934 3099 eo
995 3030 1189 3114 magis
1251 3030 1387 3096 visa
1447 3045 1640 3112 sunt,
1685 3051 1816 3114 quo
1859 3031 2128 3115 propius

267 3152 736 3220 accederemus:
800 3164 874 3215 ut
914 3147 1358 3216 confiteremur
1392 3147 1637 3214 tandem
1666 3194 1690 3229 ‚
1751 3147 1908 3230 quin
1946 3149 2131 3216 etiam

265 3269 472 3356 ipsius
508 3243 882 3335 auctoritate
923 3266 1101 3334 ducis
1144 3266 1342 3332 nostri
1384 3264 1861 3346 affirmaremuS,
1901 3283 2136 3350 appro-

269 3387 580 3476 pinquare
612 3385 690 3452 ad
728 3403 801 3452 ea
826 3399 907 3452 et
929 3384 1219 3452 accedere
1255 3381 1494 3449 homini
1525 3382 1762 3464 licere,
1804 3382 2135 3468 pervenire

270 3524 404 3573 non
443 3504 658 3573 licere.
743 3502 918 3590 Quid
956 3499 1197 3589 igitur?
1279 3499 1606 3585 Effugisse
1644 3518 1765 3566 nos
1812 3500 2129 3572 veritatem

273 3623 596 3703 dicamus,
637 3641 710 3687 ac
770 3638 965 3705 penes
1019 3639 1215 3688 unum
1280 3620 1476 3686 Deum
1539 3617 1731 3686 esse?
1854 3618 1930 3684 Id
1981 3638 2134 3690 vero

272 3757 407 3810 non
442 3738 624 3806 facile
660 3738 951 3805 dixerim.
1074 3737 1245 3804 Nam
1297 3735 1356 3801 si
1408 3753 1629 3804 verum
1677 3735 1801 3806 hoc
1854 3753 2030 3808 esset
2073 3727 2140 3808 et

268 3877 398 3948 noe
452 3858 522 3924 id
572 3874 919 3943 possemus,
967 3874 1112 3922 vcro
1166 3852 1606 3934 contendere,
1671 3852 1839 3922 ·inde
1893 3870 2141 3942 pateret

279 3976 581 4060 dilucide,
616 3993 753 4044 non
791 3991 939 4044 esse
986 3985 1162 4060 extra
1208 3983 1598 4060 potestatem
1641 3986 1930 4052 nostram
1972 3974 2144 4048 vui·-

268 4107 502 4166 tamn.
611 4092 737 4166 Sed
782 4092 866 4162 do
909 4108 1065 4164 vero
1128 4106 1261 4162 non
1321 4088 1711 4176 quaerimus:
1772 4088 1960 4180 Quod
1986 4107 2145 4204 {²502-

2014 4201 2149 4274 fec-
