<?xml version="1.0" encoding="UTF-8"?>
<!DOCTYPE html PUBLIC "-//W3C//DTD XHTML 1.0 Transitional//EN"
    "http://www.w3.org/TR/xhtml1/DTD/xhtml1-transitional.dtd">
<html xmlns="http://www.w3.org/1999/xhtml" xml:lang="en" lang="en">
 <head>
  <title>
</title>
<meta http-equiv="Content-Type" content="text/html;charset=utf-8" />
  <meta name='ocr-system' content='tesseract 3.04.00' />
  <meta name='ocr-capabilities' content='ocr_page ocr_carea ocr_par ocr_line ocrx_word'/>
</head>
<body>
  <div class='ocr_page' id='page_1' title='image "./initiaphilosoph06heusgoog/initiaphilosoph06heusgoog_0382.png"; bbox 0 0 2900 4817; ppageno 0'>
   <div class='ocr_carea' id='block_1_1' title="bbox 1422 444 1811 526">
    <p class='ocr_par' dir='ltr' id='par_1_1' title="bbox 1422 444 1811 526">
     <span class='ocr_line' id='line_1_1' title="bbox 1422 444 1811 526; baseline 0.005 -28"><span class='ocrx_word' id='word_1_1' title='bbox 1422 444 1811 526; x_wconf 55' lang='lat'>4-17‘6—</span> 
     </span>
    </p>
   </div>
   <div class='ocr_carea' id='block_1_2' title="bbox 665 632 2549 1526">
    <p class='ocr_par' dir='ltr' id='par_1_2' title="bbox 665 632 2549 1526">
     <span class='ocr_line' id='line_1_2' title="bbox 676 632 2549 716; baseline 0.003 -17"><span class='ocrx_word' id='word_1_2' title='bbox 676 632 855 700; x_wconf 69' lang='lat' dir='ltr'><strong>Plato</strong></span> <span class='ocrx_word' id='word_1_3' title='bbox 876 676 902 711; x_wconf 79' lang='lat'><strong>‚</strong></span> <span class='ocrx_word' id='word_1_4' title='bbox 970 651 1161 716; x_wconf 83' lang='lat' dir='ltr'><strong>quum</strong></span> <span class='ocrx_word' id='word_1_5' title='bbox 1223 635 1578 715; x_wconf 68' lang='grc' dir='ltr'><strong>ὃιαικριτικῆν</strong></span> <span class='ocrx_word' id='word_1_6' title='bbox 1637 647 1780 696; x_wconf 59' lang='lat' dir='ltr'><strong>&amp;ese</strong></span> <span class='ocrx_word' id='word_1_7' title='bbox 1837 635 2153 716; x_wconf 47' lang='grc' dir='ltr'><strong>καθαρμόν</strong></span> <span class='ocrx_word' id='word_1_8' title='bbox 2195 641 2332 704; x_wconf 68' lang='grc' dir='ltr'><strong>τἰνι</strong></span> <span class='ocrx_word' id='word_1_9' title='bbox 2380 634 2549 704; x_wconf 76' lang='lat' dir='ltr'><strong>dlec-</strong></span> 
     </span>
     <span class='ocr_line' id='line_1_3' title="bbox 671 744 2547 834; baseline 0.003 -19"><span class='ocrx_word' id='word_1_10' title='bbox 671 764 768 815; x_wconf 90' lang='lat' dir='ltr'><strong>ret</strong></span> <span class='ocrx_word' id='word_1_11' title='bbox 802 746 899 815; x_wconf 73' lang='lat'><strong>⁰³.</strong></span> <span class='ocrx_word' id='word_1_12' title='bbox 973 744 1166 834; x_wconf 77' lang='lat' dir='ltr'><strong>&#39;Quae</strong></span> <span class='ocrx_word' id='word_1_13' title='bbox 1226 745 1547 831; x_wconf 87' lang='lat' dir='ltr'><strong>reputanti</strong></span> <span class='ocrx_word' id='word_1_14' title='bbox 1601 745 1793 829; x_wconf 89' lang='lat' dir='ltr'><strong>mihi,</strong></span> <span class='ocrx_word' id='word_1_15' title='bbox 1856 747 2143 832; x_wconf 86' lang='lat' dir='ltr'><strong>linguae,</strong></span> <span class='ocrx_word' id='word_1_16' title='bbox 2209 755 2339 833; x_wconf 76' lang='lat' dir='ltr'><strong>qua</strong></span> <span class='ocrx_word' id='word_1_17' title='bbox 2391 752 2547 821; x_wconf 84' lang='lat' dir='ltr'><strong>haec</strong></span> 
     </span>
     <span class='ocr_line' id='line_1_4' title="bbox 674 861 2543 949; baseline 0 -16"><span class='ocrx_word' id='word_1_18' title='bbox 674 866 926 948; x_wconf 81' lang='lat' dir='ltr'><strong>scribo,</strong></span> <span class='ocrx_word' id='word_1_19' title='bbox 1011 864 1076 929; x_wconf 89' lang='lat' dir='ltr'><strong>in</strong></span> <span class='ocrx_word' id='word_1_20' title='bbox 1144 874 1416 930; x_wconf 84' lang='lat' dir='ltr'><strong>mentem</strong></span> <span class='ocrx_word' id='word_1_21' title='bbox 1476 862 1653 929; x_wconf 86' lang='lat' dir='ltr'><strong>venit</strong></span> <span class='ocrx_word' id='word_1_22' title='bbox 1673 908 1700 943; x_wconf 88' lang='lat'>,</span> <span class='ocrx_word' id='word_1_23' title='bbox 1783 861 1850 928; x_wconf 92' lang='lat' dir='ltr'><strong>in</strong></span> <span class='ocrx_word' id='word_1_24' title='bbox 1906 877 2029 946; x_wconf 83' lang='lat' dir='ltr'><strong>qua</strong></span> <span class='ocrx_word' id='word_1_25' title='bbox 2089 881 2223 930; x_wconf 89' lang='lat' dir='ltr'><strong>non</strong></span> <span class='ocrx_word' id='word_1_26' title='bbox 2278 865 2490 933; x_wconf 88' lang='lat' dir='ltr'><strong>minus</strong></span> <span class='ocrx_word' id='word_1_27' title='bbox 2514 914 2543 949; x_wconf 84' lang='lat'><strong>,</strong></span> 
     </span>
     <span class='ocr_line' id='line_1_5' title="bbox 673 979 2547 1067; baseline 0.001 -19"><span class='ocrx_word' id='word_1_28' title='bbox 673 1002 857 1067; x_wconf 85' lang='lat' dir='ltr'><strong>quam</strong></span> <span class='ocrx_word' id='word_1_29' title='bbox 911 981 976 1047; x_wconf 87' lang='lat' dir='ltr'><strong>in</strong></span> <span class='ocrx_word' id='word_1_30' title='bbox 1025 979 1362 1047; x_wconf 85' lang='lat' dir='ltr'><strong>dialecticis</strong></span> <span class='ocrx_word' id='word_1_31' title='bbox 1406 979 1686 1046; x_wconf 82' lang='lat' dir='ltr'><strong>Platonis</strong></span> <span class='ocrx_word' id='word_1_32' title='bbox 1732 979 1998 1065; x_wconf 79' lang='lat' dir='ltr'><strong>dialogis</strong></span> <span class='ocrx_word' id='word_1_33' title='bbox 2020 1026 2045 1061; x_wconf 93' lang='lat'><strong>,</strong></span> <span class='ocrx_word' id='word_1_34' title='bbox 2083 980 2399 1065; x_wconf 77' lang='lat' dir='ltr'><strong>judicandi</strong></span> <span class='ocrx_word' id='word_1_35' title='bbox 2443 984 2547 1050; x_wconf 79' lang='lat' dir='ltr'><strong>vis</strong></span> 
     </span>
     <span class='ocr_line' id='line_1_6' title="bbox 665 1095 2547 1185; baseline 0.002 -22"><span class='ocrx_word' id='word_1_36' title='bbox 665 1099 922 1185; x_wconf 77' lang='lat' dir='ltr'><strong>propria</strong></span> <span class='ocrx_word' id='word_1_37' title='bbox 949 1112 1026 1164; x_wconf 58' lang='lat' dir='ltr'><strong>et*</strong></span> <span class='ocrx_word' id='word_1_38' title='bbox 1054 1097 1318 1165; x_wconf 87' lang='lat' dir='ltr'><strong>effectus</strong></span> <span class='ocrx_word' id='word_1_39' title='bbox 1355 1095 1755 1180; x_wconf 87' lang='lat' dir='ltr'>exprimitur.</span> <span class='ocrx_word' id='word_1_40' title='bbox 1813 1096 1999 1177; x_wconf 80' lang='lat' dir='ltr'><strong>Nam,</strong></span> <span class='ocrx_word' id='word_1_41' title='bbox 2010 1111 2383 1185; x_wconf 79' lang='lat' dir='ltr'><strong>putare,</strong></span> <span class='ocrx_word' id='word_1_42' title='bbox 2428 1119 2547 1166; x_wconf 89' lang='lat' dir='ltr'><strong>un-</strong></span> 
     </span>
     <span class='ocr_line' id='line_1_7' title="bbox 673 1210 2549 1304; baseline -0.001 -21"><span class='ocrx_word' id='word_1_43' title='bbox 673 1218 771 1284; x_wconf 61' lang='lat' dir='ltr'><strong>de·</strong></span> <span class='ocrx_word' id='word_1_44' title='bbox 787 1223 1098 1304; x_wconf 70' lang='lat' dir='ltr'><strong>reputare</strong></span> <span class='ocrx_word' id='word_1_45' title='bbox 1121 1262 1146 1296; x_wconf 90' lang='lat'>‚</span> <span class='ocrx_word' id='word_1_46' title='bbox 1211 1216 1387 1299; x_wconf 88' lang='lat' dir='ltr'><strong>quod</strong></span> <span class='ocrx_word' id='word_1_47' title='bbox 1432 1211 1750 1298; x_wconf 84' lang='lat' dir='ltr'><strong>cogitandi</strong></span> <span class='ocrx_word' id='word_1_48' title='bbox 1799 1210 2246 1297; x_wconf 83' lang='lat' dir='ltr'><strong>judicandique</strong></span> <span class='ocrx_word' id='word_1_49' title='bbox 2302 1213 2549 1300; x_wconf 82' lang='lat' dir='ltr'><strong>signifi-</strong></span> 
     </span>
     <span class='ocr_line' id='line_1_8' title="bbox 668 1330 2542 1419; baseline 0 -19"><span class='ocrx_word' id='word_1_50' title='bbox 668 1334 786 1401; x_wconf 83' lang='lat' dir='ltr'><strong>cati</strong></span> <span class='ocrx_word' id='word_1_51' title='bbox 794 1351 976 1399; x_wconf 89' lang='lat' dir='ltr'><strong>onem</strong></span> <span class='ocrx_word' id='word_1_52' title='bbox 1037 1333 1224 1399; x_wconf 89' lang='lat' dir='ltr'><strong>habet</strong></span> <span class='ocrx_word' id='word_1_53' title='bbox 1246 1379 1271 1413; x_wconf 90' lang='lat'>‚</span> <span class='ocrx_word' id='word_1_54' title='bbox 1317 1331 1471 1414; x_wconf 89' lang='lat' dir='ltr'><strong>quid</strong></span> <span class='ocrx_word' id='word_1_55' title='bbox 1529 1330 1697 1396; x_wconf 84' lang='lat' dir='ltr'><strong>aliud</strong></span> <span class='ocrx_word' id='word_1_56' title='bbox 1742 1343 1844 1396; x_wconf 62' lang='grc' dir='ltr'><strong>ωε</strong></span> <span class='ocrx_word' id='word_1_57' title='bbox 1864 1377 1888 1413; x_wconf 86' lang='grc'><em>,</em></span> <span class='ocrx_word' id='word_1_58' title='bbox 1954 1349 2142 1412; x_wconf 86' lang='lat' dir='ltr'><strong>quam</strong></span> <span class='ocrx_word' id='word_1_59' title='bbox 2192 1348 2480 1419; x_wconf 76' lang='lat' dir='ltr'><strong>purgare</strong></span> <span class='ocrx_word' id='word_1_60' title='bbox 2498 1336 2542 1400; x_wconf 67' lang='lat' dir='ltr'><strong>a?</strong></span> 
     </span>
     <span class='ocr_line' id='line_1_9' title="bbox 674 1435 2537 1526; baseline -0.001 -21"><span class='ocrx_word' id='word_1_61' title='bbox 674 1440 933 1526; x_wconf 85' lang='lat' dir='ltr'>proprie</span> <span class='ocrx_word' id='word_1_62' title='bbox 974 1440 1053 1506; x_wconf 89' lang='lat' dir='ltr'><strong>de</strong></span> <span class='ocrx_word' id='word_1_63' title='bbox 1102 1441 1243 1505; x_wconf 76' lang='lat' dir='ltr'><strong>lana</strong></span> <span class='ocrx_word' id='word_1_64' title='bbox 1293 1435 1713 1505; x_wconf 80' lang='lat' dir='ltr'><em>carminando</em></span> <span class='ocrx_word' id='word_1_65' title='bbox 1782 1437 2109 1522; x_wconf 77' lang='lat' dir='ltr'><strong>purganda</strong></span> <span class='ocrx_word' id='word_1_66' title='bbox 2176 1451 2537 1522; x_wconf 83' lang='lat' dir='ltr'><strong>usurpatur.</strong></span> 
     </span>
    </p>
   </div>
   <div class='ocr_carea' id='block_1_3' title="bbox 541 1553 2542 1640">
    <p class='ocr_par' dir='ltr' id='par_1_3' title="bbox 541 1553 2542 1640">
     <span class='ocr_line' id='line_1_10' title="bbox 541 1553 2542 1640; baseline 0.002 -21"><span class='ocrx_word' id='word_1_67' title='bbox 541 1609 548 1619; x_wconf 95' lang='lat'><strong>.</strong></span> <span class='ocrx_word' id='word_1_68' title='bbox 669 1554 849 1624; x_wconf 86' lang='lat' dir='ltr'><strong>Artis</strong></span> <span class='ocrx_word' id='word_1_69' title='bbox 918 1569 1125 1622; x_wconf 88' lang='lat' dir='ltr'><strong>autem</strong></span> <span class='ocrx_word' id='word_1_70' title='bbox 1193 1553 1511 1639; x_wconf 76' lang='lat' dir='ltr'><strong>Judicandi</strong></span> <span class='ocrx_word' id='word_1_71' title='bbox 1584 1553 1747 1620; x_wconf 87' lang='lat' dir='ltr'><strong>idem</strong></span> <span class='ocrx_word' id='word_1_72' title='bbox 1821 1554 2142 1640; x_wconf 86' lang='lat' dir='ltr'><strong>negotium</strong></span> <span class='ocrx_word' id='word_1_73' title='bbox 2164 1602 2190 1637; x_wconf 89' lang='lat'><strong>,</strong></span> <span class='ocrx_word' id='word_1_74' title='bbox 2274 1553 2542 1625; x_wconf 77' lang='lat' dir='ltr'><strong>effectus</strong></span> 
     </span>
    </p>
   </div>
   <div class='ocr_carea' id='block_1_4' title="bbox 529 1670 2551 4114">
    <p class='ocr_par' dir='ltr' id='par_1_4' title="bbox 633 1670 2551 3164">
     <span class='ocr_line' id='line_1_11' title="bbox 670 1670 2541 1759; baseline 0.001 -20"><span class='ocrx_word' id='word_1_75' title='bbox 670 1673 835 1740; x_wconf 89' lang='lat' dir='ltr'><strong>idem</strong></span> <span class='ocrx_word' id='word_1_76' title='bbox 889 1688 1032 1740; x_wconf 77' lang='lat' dir='ltr'><strong>est=</strong></span> <span class='ocrx_word' id='word_1_77' title='bbox 1108 1670 1310 1737; x_wconf 81' lang='lat' dir='ltr'><strong>simile</strong></span> <span class='ocrx_word' id='word_1_78' title='bbox 1369 1673 1519 1739; x_wconf 86' lang='lat' dir='ltr'><strong>haec</strong></span> <span class='ocrx_word' id='word_1_79' title='bbox 1586 1671 1819 1756; x_wconf 83' lang='lat' dir='ltr'><strong>paritet</strong></span> <span class='ocrx_word' id='word_1_80' title='bbox 1876 1689 1914 1738; x_wconf 88' lang='lat' dir='ltr'><strong>a</strong></span> <span class='ocrx_word' id='word_1_81' title='bbox 1965 1670 2196 1754; x_wconf 83' lang='lat' dir='ltr'><strong>simili,</strong></span> <span class='ocrx_word' id='word_1_82' title='bbox 2258 1674 2442 1759; x_wconf 80' lang='lat' dir='ltr'><strong>pejus</strong></span> <span class='ocrx_word' id='word_1_83' title='bbox 2504 1694 2541 1741; x_wconf 84' lang='lat' dir='ltr'><strong>a</strong></span> 
     </span>
     <span class='ocr_line' id='line_1_12' title="bbox 667 1787 2538 1873; baseline 0.002 -17"><span class='ocrx_word' id='word_1_84' title='bbox 667 1789 968 1870; x_wconf 83' lang='lat' dir='ltr'><strong>meliore,</strong></span> <span class='ocrx_word' id='word_1_85' title='bbox 1054 1787 1284 1855; x_wconf 87' lang='lat' dir='ltr'><strong>falsum</strong></span> <span class='ocrx_word' id='word_1_86' title='bbox 1329 1807 1364 1853; x_wconf 88' lang='lat' dir='ltr'><strong>a</strong></span> <span class='ocrx_word' id='word_1_87' title='bbox 1418 1805 1574 1854; x_wconf 87' lang='lat' dir='ltr'><strong>vero</strong></span> <span class='ocrx_word' id='word_1_88' title='bbox 1632 1787 1961 1854; x_wconf 72' lang='lat' dir='ltr'><strong>discernitz</strong></span> <span class='ocrx_word' id='word_1_89' title='bbox 2034 1804 2262 1873; x_wconf 82' lang='lat' dir='ltr'><strong>estque</strong></span> <span class='ocrx_word' id='word_1_90' title='bbox 2312 1791 2381 1857; x_wconf 89' lang='lat' dir='ltr'><strong>in</strong></span> <span class='ocrx_word' id='word_1_91' title='bbox 2438 1791 2538 1859; x_wconf 83' lang='lat' dir='ltr'><strong>his</strong></span> 
     </span>
     <span class='ocr_line' id='line_1_13' title="bbox 668 1904 2544 1996; baseline 0.002 -23"><span class='ocrx_word' id='word_1_92' title='bbox 668 1906 962 1973; x_wconf 82' lang='lat' dir='ltr'><strong>omnibus</strong></span> <span class='ocrx_word' id='word_1_93' title='bbox 1017 1904 1409 1989; x_wconf 83' lang='lat' dir='ltr'><strong>purgationis</strong></span> <span class='ocrx_word' id='word_1_94' title='bbox 1475 1905 1795 1988; x_wconf 83' lang='lat' dir='ltr'><strong>cujusdam</strong></span> <span class='ocrx_word' id='word_1_95' title='bbox 1864 1923 1937 1970; x_wconf 89' lang='lat' dir='ltr'><strong>ac</strong></span> <span class='ocrx_word' id='word_1_96' title='bbox 1999 1906 2294 1990; x_wconf 87' lang='lat' dir='ltr'><strong>puritatis</strong></span> <span class='ocrx_word' id='word_1_97' title='bbox 2347 1909 2544 1996; x_wconf 88' lang='lat' dir='ltr'><strong>signi·</strong></span> 
     </span>
     <span class='ocr_line' id='line_1_14' title="bbox 670 2019 2546 2108; baseline 0.004 -21"><span class='ocrx_word' id='word_1_98' title='bbox 670 2020 923 2088; x_wconf 82' lang='lat' dir='ltr'><strong>ficatio:</strong></span> <span class='ocrx_word' id='word_1_99' title='bbox 991 2022 1158 2086; x_wconf 88' lang='lat' dir='ltr'><strong>unde</strong></span> <span class='ocrx_word' id='word_1_100' title='bbox 1224 2019 1688 2085; x_wconf 87' lang='lat' dir='ltr'><strong>Germanorum</strong></span> <span class='ocrx_word' id='word_1_101' title='bbox 1746 2019 1982 2088; x_wconf 72' lang='lat' dir='ltr'><strong>dictioe</strong></span> <span class='ocrx_word' id='word_1_102' title='bbox 2049 2022 2154 2089; x_wconf 77' lang='lat' dir='ltr'><strong>dic</strong></span> <span class='ocrx_word' id='word_1_103' title='bbox 2174 2029 2189 2108; x_wconf 66' lang='grc' dir='ltr'>ξ</span> <span class='ocrx_word' id='word_1_104' title='bbox 2207 2024 2410 2093; x_wconf 72' lang='lat' dir='ltr'><strong>Socho</strong></span> <span class='ocrx_word' id='word_1_105' title='bbox 2444 2033 2546 2096; x_wconf 74' lang='lat' dir='ltr'><strong>ins</strong></span> 
     </span>
     <span class='ocr_line' id='line_1_15' title="bbox 666 2136 2544 2223; baseline 0.004 -17"><span class='ocrx_word' id='word_1_106' title='bbox 666 2140 734 2206; x_wconf 76' lang='lat' dir='ltr'><strong><em>R</em></strong></span> <span class='ocrx_word' id='word_1_107' title='bbox 758 2145 838 2205; x_wconf 72' lang='lat' dir='ltr'><strong>es·</strong></span> <span class='ocrx_word' id='word_1_108' title='bbox 857 2156 952 2205; x_wconf 75' lang='lat' dir='ltr'><strong>ne</strong></span> <span class='ocrx_word' id='word_1_109' title='bbox 1022 2139 1310 2223; x_wconf 76' lang='lat' dir='ltr'><strong>bringcn.</strong></span> <span class='ocrx_word' id='word_1_110' title='bbox 1421 2136 1652 2222; x_wconf 71' lang='lat' dir='ltr'><strong>Quid?</strong></span> <span class='ocrx_word' id='word_1_111' title='bbox 1718 2139 1892 2221; x_wconf 84' lang='lat' dir='ltr'><strong>quod</strong></span> <span class='ocrx_word' id='word_1_112' title='bbox 1965 2138 2126 2207; x_wconf 89' lang='lat' dir='ltr'><strong>idem</strong></span> <span class='ocrx_word' id='word_1_113' title='bbox 2188 2142 2349 2210; x_wconf 87' lang='lat' dir='ltr'><strong>illud</strong></span> <span class='ocrx_word' id='word_1_114' title='bbox 2412 2147 2544 2213; x_wconf 79' lang='lat' dir='ltr'><strong>La-</strong></span> 
     </span>
     <span class='ocr_line' id='line_1_16' title="bbox 664 2256 2549 2339; baseline 0.003 -14"><span class='ocrx_word' id='word_1_115' title='bbox 664 2259 938 2325; x_wconf 68' lang='lat' dir='ltr'><strong>tinoaum</strong></span> <span class='ocrx_word' id='word_1_116' title='bbox 987 2271 1218 2338; x_wconf 79' lang='lat' dir='ltr'><strong>putare</strong></span> <span class='ocrx_word' id='word_1_117' title='bbox 1261 2256 1341 2322; x_wconf 88' lang='lat' dir='ltr'><strong>ad</strong></span> <span class='ocrx_word' id='word_1_118' title='bbox 1388 2257 1699 2322; x_wconf 84' lang='lat' dir='ltr'><strong>calculum</strong></span> <span class='ocrx_word' id='word_1_119' title='bbox 1716 2303 1742 2339; x_wconf 86' lang='lat'><strong>,</strong></span> <span class='ocrx_word' id='word_1_120' title='bbox 1786 2256 1865 2323; x_wconf 87' lang='lat' dir='ltr'><strong>ad</strong></span> <span class='ocrx_word' id='word_1_121' title='bbox 1923 2260 2288 2328; x_wconf 83' lang='lat' dir='ltr'><strong>numerandi</strong></span> <span class='ocrx_word' id='word_1_122' title='bbox 2339 2276 2549 2330; x_wconf 83' lang='lat' dir='ltr'><strong>artem·</strong></span> 
     </span>
     <span class='ocr_line' id='line_1_17' title="bbox 665 2373 2551 2466; baseline 0.001 -23"><span class='ocrx_word' id='word_1_123' title='bbox 665 2373 1091 2443; x_wconf 70' lang='lat' dir='ltr'><strong>transfertur?</strong></span> <span class='ocrx_word' id='word_1_124' title='bbox 1133 2375 1198 2441; x_wconf 81' lang='lat' dir='ltr'>A</span> <span class='ocrx_word' id='word_1_125' title='bbox 1243 2375 1526 2457; x_wconf 74' lang='lat' dir='ltr'><strong>putando</strong></span> <span class='ocrx_word' id='word_1_126' title='bbox 1575 2374 1738 2440; x_wconf 87' lang='lat' dir='ltr'><strong>enim</strong></span> <span class='ocrx_word' id='word_1_127' title='bbox 1788 2392 2172 2464; x_wconf 73' lang='lat' dir='ltr'><strong>supputare,</strong></span> <span class='ocrx_word' id='word_1_128' title='bbox 2214 2395 2551 2466; x_wconf 50' lang='lat' dir='ltr'><strong>compat&amp;</strong></span> 
     </span>
     <span class='ocr_line' id='line_1_18' title="bbox 633 2473 2551 2573; baseline 0.003 -15"><span class='ocrx_word' id='word_1_129' title='bbox 633 2473 739 2558; x_wconf 55' lang='lat' dir='ltr'><strong>&#39;rc</strong></span> <span class='ocrx_word' id='word_1_130' title='bbox 768 2493 1047 2557; x_wconf 61' lang='lat' dir='ltr'><strong>dicitur.</strong></span> <span class='ocrx_word' id='word_1_131' title='bbox 1169 2490 1368 2573; x_wconf 88' lang='lat' dir='ltr'><strong>Apud</strong></span> <span class='ocrx_word' id='word_1_132' title='bbox 1429 2491 1748 2556; x_wconf 85' lang='lat' dir='ltr'><strong>Platonem</strong></span> <span class='ocrx_word' id='word_1_133' title='bbox 1808 2505 2017 2558; x_wconf 88' lang='lat' dir='ltr'><strong>autem</strong></span> <span class='ocrx_word' id='word_1_134' title='bbox 2082 2495 2373 2560; x_wconf 85' lang='lat' dir='ltr'><strong>cernendi</strong></span> <span class='ocrx_word' id='word_1_135' title='bbox 2428 2516 2551 2563; x_wconf 82' lang='lat' dir='ltr'><strong>ars·</strong></span> 
     </span>
     <span class='ocr_line' id='line_1_19' title="bbox 661 2604 2538 2693; baseline 0.003 -18"><span class='ocrx_word' id='word_1_136' title='bbox 661 2607 730 2675; x_wconf 86' lang='lat' dir='ltr'><strong>in</strong></span> <span class='ocrx_word' id='word_1_137' title='bbox 790 2624 1130 2692; x_wconf 81' lang='lat' dir='ltr'><strong>puerorum</strong></span> <span class='ocrx_word' id='word_1_138' title='bbox 1187 2604 1626 2688; x_wconf 84' lang='lat' dir='ltr'><strong>institutione,</strong></span> <span class='ocrx_word' id='word_1_139' title='bbox 1691 2621 1765 2672; x_wconf 93' lang='lat' dir='ltr'><strong>ut</strong></span> <span class='ocrx_word' id='word_1_140' title='bbox 1828 2606 2222 2675; x_wconf 84' lang='lat' dir='ltr'><strong>meminimus</strong></span> <span class='ocrx_word' id='word_1_141' title='bbox 2241 2657 2267 2693; x_wconf 86' lang='lat'>‚</span> <span class='ocrx_word' id='word_1_142' title='bbox 2345 2631 2538 2693; x_wconf 83' lang='lat' dir='ltr'><strong>quam</strong></span> 
     </span>
     <span class='ocr_line' id='line_1_20' title="bbox 665 2723 2535 2812; baseline 0.004 -21"><span class='ocrx_word' id='word_1_143' title='bbox 665 2727 953 2812; x_wconf 81' lang='lat' dir='ltr'><strong>proxime</strong></span> <span class='ocrx_word' id='word_1_144' title='bbox 985 2738 1085 2791; x_wconf 90' lang='lat' dir='ltr'><strong>est</strong></span> <span class='ocrx_word' id='word_1_145' title='bbox 1127 2742 1272 2790; x_wconf 88' lang='lat' dir='ltr'><strong>cum</strong></span> <span class='ocrx_word' id='word_1_146' title='bbox 1310 2739 1443 2790; x_wconf 82' lang='lat' dir='ltr'><strong>arte</strong></span> <span class='ocrx_word' id='word_1_147' title='bbox 1494 2724 1856 2790; x_wconf 82' lang='lat' dir='ltr'><strong>numerandi</strong></span> <span class='ocrx_word' id='word_1_148' title='bbox 1907 2729 2245 2810; x_wconf 87' lang='lat' dir='ltr'><strong>conjuncta</strong></span> <span class='ocrx_word' id='word_1_149' title='bbox 2289 2723 2381 2795; x_wconf 67' lang='grc' dir='ltr'><strong>ω.</strong></span> <span class='ocrx_word' id='word_1_150' title='bbox 2426 2731 2535 2799; x_wconf 84' lang='lat' dir='ltr'><strong>Sic</strong></span> 
     </span>
     <span class='ocr_line' id='line_1_21' title="bbox 665 2841 2532 2931; baseline 0.002 -20"><span class='ocrx_word' id='word_1_151' title='bbox 665 2846 860 2921; x_wconf 74' lang='lat' dir='ltr'><strong>latent</strong></span> <span class='ocrx_word' id='word_1_152' title='bbox 921 2842 1160 2909; x_wconf 84' lang='lat' dir='ltr'><strong>scilicet</strong></span> <span class='ocrx_word' id='word_1_153' title='bbox 1228 2842 1293 2906; x_wconf 90' lang='lat' dir='ltr'><strong>in</strong></span> <span class='ocrx_word' id='word_1_154' title='bbox 1363 2841 1628 2927; x_wconf 79' lang='lat' dir='ltr'><strong>dialogis</strong></span> <span class='ocrx_word' id='word_1_155' title='bbox 1696 2841 1821 2908; x_wconf 83' lang='lat' dir='ltr'><strong>illis</strong></span> <span class='ocrx_word' id='word_1_156' title='bbox 1877 2842 2153 2910; x_wconf 75' lang='lat' dir='ltr'><strong>Platonis</strong></span> <span class='ocrx_word' id='word_1_157' title='bbox 2173 2892 2198 2926; x_wconf 90' lang='lat'>‚</span> <span class='ocrx_word' id='word_1_158' title='bbox 2255 2846 2323 2913; x_wconf 88' lang='lat' dir='ltr'><strong>in</strong></span> <span class='ocrx_word' id='word_1_159' title='bbox 2374 2846 2532 2931; x_wconf 77' lang='lat' dir='ltr'><strong>ipsis</strong></span> 
     </span>
     <span class='ocr_line' id='line_1_22' title="bbox 662 2959 2543 3045; baseline 0.003 -18"><span class='ocrx_word' id='word_1_160' title='bbox 662 2962 818 3028; x_wconf 85' lang='lat' dir='ltr'><strong>adeo</strong></span> <span class='ocrx_word' id='word_1_161' title='bbox 883 2961 1127 3045; x_wconf 51' lang='lat' dir='ltr'><strong>‚linguis</strong></span> <span class='ocrx_word' id='word_1_162' title='bbox 1178 2959 1745 3043; x_wconf 79' lang='lat' dir='ltr'><strong>praestantissimae</strong></span> <span class='ocrx_word' id='word_1_163' title='bbox 1799 2960 1991 3045; x_wconf 86' lang='lat' dir='ltr'><strong>hujus</strong></span> <span class='ocrx_word' id='word_1_164' title='bbox 2068 2963 2216 3030; x_wconf 79' lang='lat' dir='ltr'><strong>artis</strong></span> <span class='ocrx_word' id='word_1_165' title='bbox 2285 2978 2543 3032; x_wconf 78' lang='lat' dir='ltr'><strong>nostrae</strong></span> 
     </span>
     <span class='ocr_line' id='line_1_23' title="bbox 663 3080 2181 3164; baseline 0.002 -17"><span class='ocrx_word' id='word_1_166' title='bbox 663 3080 996 3164; x_wconf 84' lang='lat' dir='ltr'><strong>principia.</strong></span> <span class='ocrx_word' id='word_1_167' title='bbox 2175 3096 2181 3101; x_wconf 82' lang='lat'>&#39;</span> 
     </span>
    </p>

    <p class='ocr_par' dir='ltr' id='par_1_5' title="bbox 529 3195 2551 3872">
     <span class='ocr_line' id='line_1_24' title="bbox 754 3195 2541 3275; baseline 0.003 -11"><span class='ocrx_word' id='word_1_168' title='bbox 754 3196 983 3275; x_wconf 79' lang='lat' dir='ltr'><strong>Natam</strong></span> <span class='ocrx_word' id='word_1_169' title='bbox 1042 3197 1201 3262; x_wconf 89' lang='lat' dir='ltr'><strong>hanc</strong></span> <span class='ocrx_word' id='word_1_170' title='bbox 1246 3213 1390 3262; x_wconf 89' lang='lat' dir='ltr'><strong>esse</strong></span> <span class='ocrx_word' id='word_1_171' title='bbox 1441 3195 1712 3263; x_wconf 85' lang='lat' dir='ltr'><strong>diximus</strong></span> <span class='ocrx_word' id='word_1_172' title='bbox 1779 3216 1815 3263; x_wconf 92' lang='lat' dir='ltr'><strong>e</strong></span> <span class='ocrx_word' id='word_1_173' title='bbox 1862 3199 2156 3265; x_wconf 86' lang='lat' dir='ltr'><strong>cernendi</strong></span> <span class='ocrx_word' id='word_1_174' title='bbox 2213 3216 2371 3269; x_wconf 84' lang='lat' dir='ltr'><strong>arte·</strong></span> <span class='ocrx_word' id='word_1_175' title='bbox 2398 3201 2541 3270; x_wconf 81' lang='lat' dir='ltr'><strong>Pla·</strong></span> 
     </span>
     <span class='ocr_line' id='line_1_25' title="bbox 664 3315 2535 3399; baseline 0.003 -17"><span class='ocrx_word' id='word_1_176' title='bbox 664 3315 835 3383; x_wconf 84' lang='lat' dir='ltr'><strong>tonis</strong></span> <span class='ocrx_word' id='word_1_177' title='bbox 859 3365 885 3399; x_wconf 86' lang='lat'>‚</span> <span class='ocrx_word' id='word_1_178' title='bbox 969 3331 1041 3382; x_wconf 90' lang='lat' dir='ltr'><strong>ut</strong></span> <span class='ocrx_word' id='word_1_179' title='bbox 1113 3322 1353 3399; x_wconf 86' lang='lat' dir='ltr'><strong>posteri</strong></span> <span class='ocrx_word' id='word_1_180' title='bbox 1423 3333 1555 3380; x_wconf 88' lang='lat' dir='ltr'><strong>eam</strong></span> <span class='ocrx_word' id='word_1_181' title='bbox 1608 3315 1856 3381; x_wconf 87' lang='lat' dir='ltr'><strong>demum</strong></span> <span class='ocrx_word' id='word_1_182' title='bbox 1884 3362 1907 3396; x_wconf 88' lang='lat'>‚</span> <span class='ocrx_word' id='word_1_183' title='bbox 1995 3329 2290 3399; x_wconf 87' lang='lat' dir='ltr'><strong>tanquam</strong></span> <span class='ocrx_word' id='word_1_184' title='bbox 2339 3335 2535 3387; x_wconf 87' lang='lat' dir='ltr'><strong>artem</strong></span> 
     </span>
     <span class='ocr_line' id='line_1_26' title="bbox 669 3430 2532 3515; baseline 0.003 -16"><span class='ocrx_word' id='word_1_185' title='bbox 669 3436 993 3515; x_wconf 86' lang='lat' dir='ltr'><strong>quamdam</strong></span> <span class='ocrx_word' id='word_1_186' title='bbox 1088 3430 1556 3514; x_wconf 88' lang='lat' dir='ltr'><strong>disciplinamve</strong></span> <span class='ocrx_word' id='word_1_187' title='bbox 1649 3433 2018 3515; x_wconf 85' lang='lat' dir='ltr'><strong>peculiarem</strong></span> <span class='ocrx_word' id='word_1_188' title='bbox 2120 3437 2532 3505; x_wconf 85' lang='lat' dir='ltr'><strong>excoluerint.</strong></span> 
     </span>
     <span class='ocr_line' id='line_1_27' title="bbox 668 3548 2551 3640; baseline 0.004 -29"><span class='ocrx_word' id='word_1_189' title='bbox 668 3548 863 3636; x_wconf 91' lang='lat' dir='ltr'><strong>Quod</strong></span> <span class='ocrx_word' id='word_1_190' title='bbox 927 3568 1007 3615; x_wconf 83' lang='lat' dir='ltr'><strong>ex</strong></span> <span class='ocrx_word' id='word_1_191' title='bbox 1068 3550 1181 3617; x_wconf 82' lang='lat' dir='ltr'><strong>hac</strong></span> <span class='ocrx_word' id='word_1_192' title='bbox 1231 3552 1369 3635; x_wconf 88' lang='lat' dir='ltr'><strong>ejus</strong></span> <span class='ocrx_word' id='word_1_193' title='bbox 1417 3549 1482 3616; x_wconf 86' lang='lat' dir='ltr'><strong>vi</strong></span> <span class='ocrx_word' id='word_1_194' title='bbox 1533 3550 1830 3631; x_wconf 79' lang='lat' dir='ltr'><strong>naturali,</strong></span> <span class='ocrx_word' id='word_1_195' title='bbox 1876 3571 2061 3634; x_wconf 86' lang='lat' dir='ltr'><strong>quam</strong></span> <span class='ocrx_word' id='word_1_196' title='bbox 2112 3551 2288 3619; x_wconf 85' lang='lat' dir='ltr'><strong>Plato</strong></span> <span class='ocrx_word' id='word_1_197' title='bbox 2338 3553 2551 3640; x_wconf 79' lang='lat' dir='ltr'><strong>signi··</strong></span> 
     </span>
     <span class='ocr_line' id='line_1_28' title="bbox 667 3665 2531 3754; baseline 0.001 -19"><span class='ocrx_word' id='word_1_198' title='bbox 667 3665 924 3745; x_wconf 67' lang='lat' dir='ltr'><strong>litavit,</strong></span> <span class='ocrx_word' id='word_1_199' title='bbox 988 3667 1402 3753; x_wconf 73' lang='lat' dir='ltr'><strong>intelligiturz</strong></span> <span class='ocrx_word' id='word_1_200' title='bbox 1471 3667 1661 3733; x_wconf 92' lang='lat' dir='ltr'><strong>modo</strong></span> <span class='ocrx_word' id='word_1_201' title='bbox 1707 3683 1876 3735; x_wconf 86' lang='lat' dir='ltr'><strong>recte</strong></span> <span class='ocrx_word' id='word_1_202' title='bbox 1919 3670 1993 3735; x_wconf 91' lang='lat' dir='ltr'><strong>ab</strong></span> <span class='ocrx_word' id='word_1_203' title='bbox 2051 3671 2334 3753; x_wconf 77' lang='lat' dir='ltr'><strong>anaIysi,</strong></span> <span class='ocrx_word' id='word_1_204' title='bbox 2378 3690 2531 3754; x_wconf 79' lang='lat' dir='ltr'><strong>qua-</strong></span> 
     </span>
     <span class='ocr_line' id='line_1_29' title="bbox 529 3777 2530 3872; baseline 0.004 -26"><span class='ocrx_word' id='word_1_205' title='bbox 529 3782 536 3787; x_wconf 78' lang='grc'><strong>’</strong></span> <span class='ocrx_word' id='word_1_206' title='bbox 670 3801 815 3861; x_wconf 78' lang='lat' dir='ltr'><strong>cum</strong></span> <span class='ocrx_word' id='word_1_207' title='bbox 853 3777 1182 3857; x_wconf 77' lang='lat' dir='ltr'><strong>‚confundi</strong></span> <span class='ocrx_word' id='word_1_208' title='bbox 1226 3804 1263 3850; x_wconf 88' lang='lat' dir='ltr'><strong>a</strong></span> <span class='ocrx_word' id='word_1_209' title='bbox 1317 3784 1534 3851; x_wconf 86' lang='lat' dir='ltr'><strong>multis</strong></span> <span class='ocrx_word' id='word_1_210' title='bbox 1593 3787 1758 3852; x_wconf 86' lang='lat' dir='ltr'><strong>solet</strong></span> <span class='ocrx_word' id='word_1_211' title='bbox 1779 3832 1804 3868; x_wconf 87' lang='lat'>‚</span> <span class='ocrx_word' id='word_1_212' title='bbox 1845 3784 2289 3872; x_wconf 86' lang='lat' dir='ltr'><strong>distinguatur.</strong></span> <span class='ocrx_word' id='word_1_213' title='bbox 2333 3787 2530 3855; x_wconf 87' lang='lat' dir='ltr'><strong>Hunc</strong></span> 
     </span>
    </p>

    <p class='ocr_par' dir='ltr' id='par_1_6' title="bbox 744 3905 2530 4114">
     <span class='ocr_line' id='line_1_30' title="bbox 811 3905 2530 3975; baseline 0.003 -5"><span class='ocrx_word' id='word_1_214' title='bbox 811 3914 816 3919; x_wconf 90' lang='grc'><em>·</em></span> <span class='ocrx_word' id='word_1_215' title='bbox 2363 3905 2530 3975; x_wconf 74' lang='lat' dir='ltr'><strong>enim</strong></span> 
     </span>
     <span class='ocr_line' id='line_1_31' title="bbox 744 4033 2482 4114; baseline 0.005 -24"><span class='ocrx_word' id='word_1_216' title='bbox 744 4036 829 4110; x_wconf 80' lang='grc' dir='ltr'><strong>(ι)</strong></span> <span class='ocrx_word' id='word_1_217' title='bbox 869 4035 1041 4106; x_wconf 77' lang='lat' dir='ltr'><strong>Soph.</strong></span> <span class='ocrx_word' id='word_1_218' title='bbox 1075 4034 1196 4090; x_wconf 73' lang='lat'><strong>2⁸6.</strong></span> <span class='ocrx_word' id='word_1_219' title='bbox 1230 4033 1321 4089; x_wconf 77' lang='lat' dir='ltr'><strong>Cf.</strong></span> <span class='ocrx_word' id='word_1_220' title='bbox 1353 4053 1515 4105; x_wconf 71' lang='lat' dir='ltr'><strong>supra</strong></span> <span class='ocrx_word' id='word_1_221' title='bbox 1545 4056 1602 4107; x_wconf 79' lang='lat' dir='ltr'><strong>p.</strong></span> <span class='ocrx_word' id='word_1_222' title='bbox 1640 4056 1755 4093; x_wconf 78' lang='lat'><strong>121.</strong></span> <span class='ocrx_word' id='word_1_223' title='bbox 1881 4040 1963 4113; x_wconf 79' lang='lat' dir='ltr'><strong>(a)</strong></span> <span class='ocrx_word' id='word_1_224' title='bbox 2001 4038 2075 4095; x_wconf 76' lang='lat' dir='ltr'><strong>V.</strong></span> <span class='ocrx_word' id='word_1_225' title='bbox 2110 4050 2271 4113; x_wconf 67' lang='lat' dir='ltr'><strong>snpra</strong></span> <span class='ocrx_word' id='word_1_226' title='bbox 2301 4060 2359 4114; x_wconf 66' lang='grc' dir='ltr'><strong>Ρ.</strong></span> <span class='ocrx_word' id='word_1_227' title='bbox 2392 4042 2482 4099; x_wconf 74' lang='lat'><strong>63.</strong></span> 
     </span>
    </p>
   </div>
  </div>
 </body>
</html>
