2900 4817
1427 401 1776 501 -2-63—

648 582 856 661 minus
907 582 1255 661 Socrates,
1297 581 1478 648 Plato
1530 594 1702 645 certe
1760 577 1930 644 omni
1993 592 2153 649 aevo
2218 576 2281 643 in
2330 591 2533 647 meta-

647 699 934 783 physicis
992 696 1393 782 philosophis
1433 695 1702 763 ‘habitus
1755 695 1865 761 sit.
1955 695 2105 760 Nos
2162 695 2405 778 igitur,
2452 710 2567 761 ut,

648 834 774 882 rem
837 822 1000 905 recte
1056 814 1393 899 aliquando
1459 811 1924 897 dijudicemus,
1996 813 2195 895 qualis
2239 811 2343 878 illa
2394 828 2535 878 tan·

644 935 783 1021 dem
827 932 1191 998 Aristotelis
1250 929 1681 1015 metaphysica
1732 929 1863 1012 sit,
1908 927 1975 995 in
2029 929 2232 1014 ipsius
2264 930 2523 1015 scriptis

652 1051 1079 1135 exploremus,

848 1287 972 1354 Dc
1030 1288 1656 1376 metaphysica
1726 1284 2320 1355 Aristotelis.

729 1524 1000 1595 Perfecit
1065 1526 1446 1593 Aristoteles
1472 1572 1496 1607 ,
1555 1543 1683 1591 non
1740 1525 1918 1608 quod
1979 1525 2400 1609 spectaverint
2450 1543 2523 1590 ac

647 1643 949 1726 persequi
1008 1643 1363 1728 studuerint
1436 1644 1728 1709 Socrates
1785 1661 1855 1708 ac
1926 1643 2143 1725 PlatO,
2202 1643 2314 1709 sed
2364 1642 2551 1717 illud.

644 1760 882 1827 scilicet
907 1804 932 1839 ,
1018 1759 1195 1841 quod
1242 1761 1649 1843 Anaxagoras
1714 1758 2154 1839 inchoaverat,
2222 1758 2314 1827 illi
2367 1777 2524 1827 vero

643 1857 1220 1959 improbaverant.'
1290 1877 1531 1963 Quam·
1571 1875 1761 1973 nobis
1828 1876 2204 1960 descriptam
2263 1876 2520 1960 reliquit

640 1993 1063 2064 doctrinarum
1122 1993 1468 2081 principem
1495 2041 1517 2074 ,
1562 1996 1961 2079 investigatio
2011 1994 2115 2059 illa
2146 2015 2519 2063 caussarum

642 2125 738 2177 est
761 2156 786 2193 ,
824 2108 1053 2196 ,qt-zibus
1110 2127 1171 2178 et
1217 2112 1415 2196 facta
1472 2115 1602 2177 sint
1639 2114 1848 2205 ommJa
1886 2128 1948 2178 et
1993 2109 2162 2194 fiant
2189 2086 2551 2202 perpetuos

646 2227 930 2311 Simplici
975 2245 1097 2294 nos
1152 2228 1301 2305 illuc
1365 2243 1431 2292 et
1476 2224 1672 2295 ferme
1722 2228 1981 2296 dixerim
2059 2230 2377 2298 Socratica
2428 2251 2523 2298 ra·

642 2346 820 2413 tione
876 2345 1072 2415 ducit.
1164 2345 1406 2412 Omnes
1440 2346 1731 2412 homines
1757 2392 1781 2427 ,
1825 2324 1955 2427 ait,
2000 2352 2186 2432 φύσει
2217 2352 2520 2432 ὀρέγονται

644 2471 750 2535 ‘mii
814 2466 1026 2534 εἰδέναι
1048 2514 1090 2547 ‚‚
1157 2462 1413 2547 natura
1474 2478 1665 2529 avent
1732 2485 2088 2549 cognoscere
2108 2486 2136 2529 .·
2226 2466 2400 2547 quod
2454 2468 2521 2532 in

643 2579 846 2643 brutis
881 2558 1037 2647 adeo
1073 2579 1489 2645 animantibus
1527 2593 1724 2662 patet.
1790 2581 2097 2647 Sensibus
2132 2583 2210 2649 ad
2245 2602 2541 2668 cognos-⁴

638 2697 905 2765 cendum
962 2711 1266 2764 utuntur:
1313 2712 1505 2764 avent
1561 2699 1896 2782 degustare
1933 2699 2220 2782 aliquid,
2258 2701 2518 2783 audire,

643 2815 897 2880 videre:
944 2814 1089 2882 visu
1142 2828 1348 2881 autem
1409 2828 1484 2881 ut
1527 2818 1740 2905 valent
1779 2814 2086 2898 maxime,
2134 2817 2219 2883 ita
2256 2818 2521 2899 maxime

643 2931 1062 3005 oblectantur.
1196 2934 1322 3001 Sed
1380 2910 1589 3013 homo,
1639 2932 1743 2999 his
1823 2947 2097 3017 praestat
2173 2938 2539 3006 memoriar-

639 3049 802 3113 unde
851 3049 1275 3133 experientia:
1361 3063 1634 3134 praestat
1698 3050 1765 3115 in
1826 3050 2049 3134 primis
2118 3070 2265 3118 cum
2323 3034 2541 3137 arte}

643 3184 805 3249 quae
850 3166 1269 3248 experientiae
1311 3168 1524 3250 proles
1574 3185 1720 3233 estr
1788 3175 1824 3249 ἡ
1890 3174 2003 3252 μὲν
2060 3175 2184 3255 γὰρ
2239 3175 2521 3259 ἐμπειρία

636 3288 859 3370 τέχνην
909 3288 1227 3367 ἐποίησεν,
1274 3300 1345 3349 ut
1399 3298 1565 3349 recte
1596 3284 1995 3369 ‚pronunciat
2053 3287 2296 3369 PoluS,
2360 3295 2396 3371 ἧ
2453 3295 2516 3362 δὲ

635 3405 879 3485 ἀπειρία
936 3405 1169 3487 τύχηνε
1259 3415 1395 3467 tum
1453 3402 1639 3468 etiam
1666 3450 1689 3482 ,
1767 3416 1831 3469 et
1890 3405 2155 3470 maxIme
2213 3406 2466 3489 quidem
2490 3455 2515 3491 ,

635 3521 884 3580 ratione
934 3531 997 3580 et
1052 3516 1369 3584 scicntia:
1458 3516 1620 3600 idem
1691 3536 1846 3584 vero
1894 3519 1961 3585 in
2017 3521 2189 3601 omni
2242 3542 2518 3609 cognos-

635 3629 816 3696 cendi
867 3632 1083 3696 studio
1145 3633 1209 3697 id
1268 3633 1543 3725 exquirit
1583 3635 1998 3717 praesertim,
2043 3638 2213 3706 unde
2250 3659 2351 3708 res
2406 3660 2514 3708 ex·

635 3746 914 3812 stiterint
981 3748 1305 3832 sIngulae,
1351 3750 1528 3839 sive,
1573 3771 1734 3834 quae
1784 3772 2082 3838 caussae,
2128 3776 2292 3839 quae
2338 3761 2520 3845 prin·

631 3850 795 3944 cipia
852 3881 1058 3929 rerum
1128 3864 1286 3931 sint.
1413 3864 1552 3935 Hac
1600 3884 1808 3937 autem
1866 3872 1932 3957 in
1998 3891 2066 3939 re
2080 3876 2512 3958 potissimum

632 3981 823 4047 homo
881 3980 1123 4047 homini
1169 3996 1466 4067 praestat.
1578 3987 1836 4073 Peperit
1886 3989 2131 4060 scilicet
2190 3995 2515 4064 admiratio

2375 4086 2522 4199 phi-
