2900 4817
1500 459 1851 539 ..53-

730 638 915 707 etiam
962 636 1087 704 inis
1111 683 1136 720 ‚
1180 636 1597 704 anxietatibus
1643 640 2009 721 replentur:
2056 637 2176 704 hos
2230 652 2436 706 autem
2482 639 2599 705 do·

728 757 897 823 lores
942 774 1061 820 -ars
1107 773 1243 822 mm
1304 768 1366 821 et
1421 754 1690 824 excitare
1742 768 1960 839 potest
2000 769 2064 821 et
2121 757 2363 823 sedare.
2467 759 2592 823 At-

728 892 858 956 que
908 873 998 938 ita
1051 873 1304 955 quidem
1350 871 1460 937 isti
1509 891 1586 962 se
1637 873 1912 954 habentg,
1991 869 2330 955 aliquando
2386 893 2598 958 vero,

727 1007 772 1055 o
832 988 1223 1074 Theaetete,
1284 990 1342 1056 si
1401 990 1515 1073 qui
1573 991 1728 1057 mihi
1791 1008 1924 1057 non
1999 1010 2139 1058 esse
2183 1009 2595 1076 praegnantes

723 1106 1057 1188 videntur,
1098 1106 1308 1174 sciens
1349 1126 1470 1192 ego
1509 1108 1664 1174 nihil
1719 1126 1820 1176 me
1880 1106 1978 1172 iis'
2016 1108 2322 1192 prodesse
2351 1126 2600 1192 posse,

723 1223 883 1290 aliis.
913 1241 1028 1291 eos
1073 1223 1382 1290 benevole
1430 1225 1795 1309 despondeo
1822 1275 1847 1311 ,
1890 1238 1958 1291 et
1979 1272 2008 1307 ,
2048 1225 2226 1307 quod
2271 1243 2404 1291 non
2456 1225 2600 1292 sine

721 1341 848 1410 Dei
893 1343 1151 1410 numine
1204 1341 1391 1423 dico,
1453 1344 1609 1408 satis
1669 1343 1988 1428 praesagio
2041 1358 2269 1424 acute,
2328 1343 2599 1427 quibus·

722 1476 865 1528 nam
916 1458 1007 1524 illi
1061 1457 1163 1524 usi
1210 1457 1571 1542 proficiant.
1683 1458 1972 1546 Quorum
2029 1461 2265 1526 multos
2320 1459 2598 1526 Prodico

723 1574 990 1657 tradidi,
1064 1577 1303 1642 multos
1356 1575 1497 1640 aliis
1553 1575 1941 1659 sapientibus
2000 1592 2063 1644 et
2115 1576 2340 1644 divinis
2400 1576 2590 1644 virisa

724 1693 902 1760 Haec
945 1692 1061 1759 tibi
1084 1740 1110 1775 ,
1155 1694 1435 1778 optime,
1478 1694 1594 1762 hae
1639 1693 1718 1760 de
1746 1713 1965 1760 caussa
2004 1694 2212 1761 fusius
2255 1694 2592 1775 enarravi,

723 1810 1085 1894 suspicatus
1142 1810 1419 1893 scilieet,
1466 1826 1570 1891 te,
1614 1811 2133 1893 quemadmodum
2183 1812 2320 1896 ipse
2361 1827 2547 1896 putas
2569 1859 2598 1894 ,

725 1941 1163 2014 praegnantem
1220 1928 1556 2010 parturire.
1616 1929 1992 1995 'Committe
2038 1943 2099 1994 te
2152 1928 2344 2014 igitur
2392 1928 2542 1994 mihi
2566 1975 2598 2010 ‚

721 2059 798 2114 ut
859 2043 997 2110 filio
1054 2043 1415 2112 obstetricis
1466 2059 1531 2111 et
1587 2044 1711 2128 ipsi
1760 2044 2156 2111 obstetriciae
2218 2046 2370 2111 artis
2425 2045 2596 2130 peri-

718 2176 842 2243 te,
886 2181 1177 2244 quaeque
1228 2181 1431 2246 r0g0,
1477 2163 1556 2232 ad
1612 2164 1762 2228 haec
1804 2181 1923 2245 pro
1964 2162 2207 2229 viribus
2254 2165 2592 2247 responde.

723 2278 973 2367 Quodsi
1029 2278 1201 2345 forte
1256 2298 1526 2360 eorum,
1592 2297 1754 2362 quae
1809 2279 2027 2361 dices,
2090 2282 2424 2362 explorans
2483 2280 2601 2348 alie

724 2397 916 2480 quid,
958 2397 1355 2464 simulacrum
1394 2414 1583 2477 esse,
1634 2414 1764 2461 non
1794 2415 2010 2462 vetum
2037 2443 2062 2476 ‚
2105 2396 2593 2477 existimaver0‚

719 2513 949 2584 deinde
996 2516 1316 2582 sustulero
1378 2528 1567 2597 atque
1608 2513 1892 2599 abjecero
1914 2563 1937 2596 ‚
1981 2533 2079 2591 ne¹
2100 2493 2378 2604 irascaris
2423 2532 2541 2604 oro
2564 2560 2593 2594 ,

717 2631 935 2716 prouti
1012 2630 1223 2713 primo
1291 2644 1476 2714 partu
1538 2649 1882 2714 puerperae
1939 2633 2120 2716 prole
2200 2634 2424 2715 rejecta
2483 2648 2592 2696 so-

715 2751 877 2818 lent.
983 2747 1184 2814 Multi
1239 2750 1365 2834 jam
1426 2748 1591 2814 enim
1615 2793 1642 2828 ‚
1702 2746 1964 2834 mirifice
2025 2748 2429 2829 adolescen5‚
2495 2747 2592 2814 sic

721 2864 792 2930 in
843 2881 945 2930 me
986 2862 1195 2929 affecti
1242 2877 1443 2944 sunt,
1490 2877 1562 2928 ut
1629 2865 1813 2948 plane
1861 2864 1941 2928 ad
1999 2863 2404 2930 mordendum
2461 2862 2593 2929 sint

719 2982 969 3066 parati,
1049 2981 1304 3064 quando
1371 2980 1532 3064 ipsis
1588 2999 1786 3066 nugas
1859 2980 2156 3063 quasdam
2223 2979 2537 3044 detraham
2565 3026 2592 3062 ,

720 3115 840 3166 nec
902 3112 1131 3180 putant
1185 3098 1249 3162 id
1306 3117 1342 3161 a
1396 3115 1502 3164 me
1556 3096 1996 3178 benevolentia
2052 3095 2210 3161 fieri.
2308 3095 2594 3162 Multum

722 3212 951 3294 abest,
1031 3228 1103 3280 ut
1145 3213 1346 3280 sciant
1370 3259 1394 3295 ‚
1459 3216 1701 3280 nullum
1760 3233 1904 3282 esse
1963 3215 2168 3280 Deum
2234 3211 2599 3280 hominibus

722 3333 1099 3398 malevolum
1123 3377 1148 3411 ,
1204 3349 1321 3396 nec
1376 3349 1529 3397 vero
1583 3352 1683 3397 me
1737 3332 2076 3414 quidquam
2146 3331 2267 3395 tale
2324 3331 2599 3397 malevo-

722 3448 917 3518 lentia
968 3446 1217 3516 facere:
1306 3447 1459 3514 mihi
1515 3467 1670 3515 vero
1742 3449 1970 3516 falsum
2027 3448 2351 3515 admittere
2405 3462 2599 3532 atque

722 3567 1114 3634 abscondere
1159 3584 1377 3631 verum
1403 3613 1428 3647 ‚
1474 3568 1652 3633 nullo
1698 3568 1887 3633 modo
1939 3566 2181 3632 licitum
2241 3580 2363 3632 est.
2414 3567 2477 3609 (θ

813 3684 1017 3748 Nolui
1079 3683 1474 3767 interpellare
1533 3685 1847 3749 Socratem
1873 3730 1898 3763 ‚
1934 3665 2085 3748 haec
2123 3682 2205 3747 ita
2247 3681 2599 3746 Theaeteto

724 3813 792 3868 et
840 3797 1191 3866 Theodoro
1250 3815 1676 3882 enarrantem,
1739 3815 1810 3867 ut
1867 3819 1995 3868 rem
2052 3820 2131 3866 ex
2189 3799 2338 3882 ipso
2396 3812 2595 3866 totam

2456 3933 2603 4000 Per*

754 4019 765 4025 ·
806 4017 890 4124 (ι)
928 4013 1151 4128 'rheae-t.
1191 4053 1289 4108 148
1312 4051 1357 4106 E
1384 4081 1417 4094 -
1442 4051 1534 4106 231
1564 4047 1641 4106 D‘.
