2900 4817
1363 380 1765 443 —163—

627 572 802 638 »ωηο
855 566 1198 652 principem
1261 550 1686 644 philosophus
1759 558 2136 624 tractandam
2217 555 2463 622 censuit
2490 601 2517 636 ,

638 686 957 753 attendere
1019 693 1302 764 oportet.

641 844 654 853 ·
725 803 884 869 Non
940 811 1040 866 est
1094 795 1265 880 apud
1316 796 1638 862 Platonem
1693 791 2014 859 dialectica
2053 810 2153 856 ars
2187 789 2512 856 invenien-

643 918 712 986 di
772 914 1071 997 quaedam
1098 961 1121 994 ‚
1187 928 1349 993 quae
1418 929 1496 976 eo
1558 910 1858 976 duntaxat
1914 911 2158 990 valeat,
2219 922 2293 972 ut
2348 924 2525 991 saga-

643 1033 887 1113 ciores,
926 1029 1247 1098 acutiores
1273 1076 1298 1110 ‚
1366 1030 1786 1112 εὑρετικώτεροι
1848 1024 2094 1093 fiamus.
2185 1026 2526 1107 Complec·
2640 1024 2649 1037 ’

647 1150 806 1217 ιὶιιιι·
826 1196 868 1232 ,.
897 1148 1114 1233 prouti
1144 1144 1595 1228 exposuimus,
1642 1142 2019 1210 Socraticam
2056 1140 2525 1207 inductionem=

646 1285 783 1351 quo
847 1265 1057 1334 efficax
1120 1265 1183 1329 in
1242 1262 1461 1347 primis
1520 1259 1686 1327 facta
1738 1262 1875 1346 ejus
1924 1274 2016 1324 rat
2018 1258 2082 1323 io
2143 1272 2241 1324 est
2301 1258 2382 1323 ad
2428 1272 2529 1324 to·

649 1397 787 1449 tum
852 1380 1172 1449 hominem
1226 1391 1438 1446 mente
1493 1377 1834 1459 animoque
1893 1375 2328 1442 excolendum.
2433 1375 2529 1442 Ut

647 1497 908 1585 ingenio
971 1512 1036 1565 et
1100 1496 1498 1563 institutione
1553 1493 1915 1563 Socraticus
1979 1491 2104 1558 fuit
2149 1493 2328 1558 Plato
2351 1538 2376 1573 ‚
2440 1492 2532 1556 ita

653 1629 888 1701 sponte
935 1615 1075 1701 ipse
1140 1619 1257 1682 sua
1319 1616 1389 1682 in
1451 1613 1788 1681 factitanda
1846 1612 2167 1680 dialectica
2222 1613 2533 1696 spectavit

651 1732 858 1813 idem,
918 1731 1091 1813 quod
1151 1729 1216 1794 in
1274 1729 1788 1812 philosophando
1844 1728 2339 1811 disserendaque
2396 1731 2535 1815 ejus

654 1849 948 1933 magister
1002 1856 1428 1930 spectaverat,
1497 1860 1569 1911 ut
1627 1847 1706 1912 ad
1765 1826 2065 1913 virtutem
2127 1863 2192 1913 et
2240 1847 2535 1914 honesta-

655 1980 781 2032 tem
839 1964 1126 2033 hotnines
1171 1963 1527 2029 adduceret.
1660 1963 1839 2049 Quin
1904 1962 2130 2043 etiam,
2202 1967 2379 2047 quod
2448 1966 2540 2029 in-

653 2081 992 2148 choaverat
1045 2081 1336 2147 Socrates
1355 2126 1379 2160 ‚
1426 2079 1790 2163 diligentius
1840 2080 1944 2146 hic
2001 2080 2183 2146 etlam
2243 2080 2542 2166 persequi

654 2195 926 2263 studuit.
1059 2193 1277 2260 Simile
1356 2195 1515 2276 quid
1581 2197 2130 2264 animadvertimus
2203 2199 2393 2263 modo
2474 2198 2541 2263 in

657 2309 1024 2380 Aristotelis
1081 2311 1424 2381 dialectica.
1556 2314 1650 2380 Ut
1698 2315 1874 2381 Plato
1947 2316 2321 2382 Socraticam
2344 2363 2368 2398 ‚
2456 2316 2542 2382 ita

658 2427 786 2496 hic'
812 2427 1190 2497 Platonicam
1235 2429 1602 2497 methodum
1665 2432 2018 2497 studiosius
2073 2432 2303 2511 etiam,
2342 2450 2581 2513 ‘quamv

659 2544 998 2630 magister,
1062 2546 1141 2612 ad
1193 2565 1292 2612 res
1348 2564 1565 2612 omnes
1618 2548 1931 2613 cernendo
1968 2547 2380 2630 explicandas
2436 2552 2549 2616 ad·

656 2662 892 2731 hibuit.
980 2662 1052 2729 Id
1099 2663 1342 2731 scilicet
1399 2664 1467 2729 in
1535 2664 1639 2730 illa
1695 2665 2225 2750 philosophorum
2296 2685 2551 2734 succes-

662 2778 849 2847 sione
911 2758 1236 2865 obtinuit,
1283 2796 1354 2847 ut
1409 2780 1760 2864 discipulus
1806 2782 1939 2850 fere
1977 2784 2255 2869 magistri
2302 2786 2549 2853 metho-

662 2897 813 2965 dum
851 2914 997 2973 ‚non
1050 2910 1294 2967 tantum
1361 2899 1876 2982 philosophando
1930 2901 2397 2985 scribendoque
2442 2921 2552 2970 ex·

663 3014 1005 3098 primeret,
1081 3016 1191 3085 sed
1249 3014 1500 3098 plenius
1544 3016 1730 3081 etiam
1795 3018 2136 3100 proposito
2203 3019 2315 3086 fini
2376 3022 2550 3086 adhi-

662 3129 866 3197 beret.
956 3131 1152 3219 Quod
1206 3131 1368 3199 idem
1423 3145 1488 3196 et
1544 3149 1766 3216 postea
1829 3134 2152 3219 obtinuit,
2217 3156 2288 3204 ut
2354 3141 2550 3206 verbo

654 3246 780 3331 jam
845 3246 914 3314 in
971 3246 1407 3330 superioribus
1489 3247 1832 3333 attigimus.
1958 3252 2419 3338 syllogisticam
2488 3270 2556 3322 et

663 3381 821 3430 vero
896 3364 1388 3433 mathematicam
1474 3365 1938 3434 demonstrandi
2022 3369 2319 3436 rationem
2361 3418 2385 3452 ‚
2470 3372 2555 3438 ab

670 3481 1021 3549 Aristotele
1072 3483 1384 3566 proditam
1410 3531 1434 3565 ‚
1495 3486 1697 3549 multo
1750 3486 2132 3552 elaboratius
2188 3487 2553 3553 recentioris

670 3596 888 3666 aetatis
927 3598 1296 3684 philosophi
1354 3600 1432 3666 ad
1480 3600 1801 3668 doctrinas
1848 3602 2170 3669 tradendas
2215 3603 2492 3687 singulas
2514 3648 2540 3684 ,

676 3734 862 3799 quam
913 3713 1050 3799 ipse
1092 3718 1476 3788 Aristoteles
1494 3765 1520 3801 ,
1566 3733 1973 3802 usurparunt.
2061 3716 2200 3783 Nec
2243 3735 2396 3785 sane
2443 3717 2562 3785 ab·

677 3829 892 3913 borrei
950 3832 1027 3902 ab
1073 3831 1493 3920 {ingeniorum
1543 3851 1876 3920 rerumque
1937 3834 2369 3905 humanarum·
2404 3824 2565 3904 con·

2472 3956 2564 4025 di.
