2900 4817
1427 429 1782 496 ...16-

665 629 1000 682 commune
1038 608 1468 698 principium:
1513 623 1580 678 et
1625 628 1782 678 vero
1846 609 1992 677 hinc
2047 607 2219 680 forte
2272 615 2398 707 jam
2440 630 2551 682 su..

668 732 949 816 spicetur
1001 728 1269 813 aliquis,
1337 728 1525 810 quale
1581 725 1667 793 sit
1724 725 1883 793 illud
1941 727 2238 811 undeque
2293 731 2552 815 profec-

670 864 815 914 tum
833 895 860 930 ‚
900 847 1081 931 quod
1122 845 1354 915 Cicero
1394 843 1772 929 praedicavit
1805 844 2258 930 disertissime,
2297 851 2544 916 artium

668 970 940 1032 omnium
994 978 1059 1032 ee
1099 962 1539 1031 doctriuarum
1590 982 1905 1031 commune
1942 964 2286 1033 vinculum.
2393 966 2542 1056 Quo

672 1102 826 1155 sane
898 1081 1132 1167 placito
1192 1081 1301 1149 vix
1360 1082 1562 1149 ullum
1630 1079 1879 1147 exstitit
1951 1080 2021 1149 in
2087 1083 2494 1169 philosophia
2517 1130 2544 1168 ,

674 1199 854 1283 quod
886 1217 1214 1284 germanos
1254 1197 1677 1282 philosophos
1713 1196 1910 1284 magis
1940 1200 2416 1286 jucundiusque
2452 1216 2547 1271 te-

672 1330 877 1384 neret.
965 1315 1112 1382 Nos
1169 1333 1324 1382 vero
1367 1332 1449 1381 ne
1498 1314 1908 1383 festinemus!
1976 1317 2189 1386 Lente
2221 1323 2548 1407 progredi-

676 1446 785 1501 tur
852 1432 1140 1500 Socrates
1166 1478 1192 1513 ,
1236 1449 1548 1516 Quaeque
1604 1432 1731 1517 jam
1779 1450 1899 1516 spe
1959 1445 2023 1498 et
2077 1437 2548 1519 exspectatione

674 1548 1161 1637 praecepimus,
1203 1568 1322 1614 suo
1376 1548 1566 1615 nobis
1620 1550 1767 1616 loco
1810 1546 1950 1616 sive
1998 1551 2371 1620 monstrabit
2409 1554 2549 1623 sive
2639 1576 2654 1595 ·

675 1666 1007 1735 divinanda
1056 1665 1399 1750 praebebit.
1529 1665 1723 1733 Nunc
1788 1682 2095 1735 monstrat
2136 1668 2293 1753 alia,
2380 1671 2548 1744 unde

674 1785 754 1852 ad
841 1801 972 1852 rem
1038 1796 1423 1867 praesentem
1450 1829 1475 1863 ,
1558 1783 1640 1848 ad
1702 1782 1975 1849 indolem
2048 1786 2549 1869 cognoscendam

670 1889 1121 1987 'philosopham
1160 1946 1187 1982 ,
1287 1902 1711 1986 conjecturam
1801 1920 2025 1986 capere
2097 1902 2302 1971 liceat.
2428 1904 2548 1972 Vi·

676 2019 744 2087 ni
815 2030 1116 2085 memorat
1179 2015 1401 2083 avidos
1427 2062 1452 2098 ,
1530 2014 1749 2085 avidos
1814 2016 1997 2085 etiam
2062 2016 2351 2087 hon‘oris.
2463 2018 2552 2087 11·

674 2137 779 2201 los
805 2181 830 2217 ,
892 2134 1022 2216 ait,
1087 2151 1302 2200 nonne
1354 2132 1517 2200 idem
1568 2131 1771 2199 facere
1829 2133 2004 2201 vides
2028 2182 2053 2217 ,
2097 2135 2273 2219 quod
2312 2150 2547 2204 amato·

677 2252 832 2320 res?
873 2252 1118 2325 nullum
1161 2268 1293 2316 non
1347 2250 1565 2317 vinum
1625 2251 1796 2318 nulla
1836 2268 1967 2316 non
2001 2252 2242 2321 ratione
2277 2269 2340 2322 et
2371 2272 2545 2323 com-

672 2370 1072 2439 mendatione
1120 2369 1389 2453 diligunt
1435 2384 1500 2435 et
1538 2369 1817 2435 laudant.
1858 2408 1948 2423 —-
1988 2369 2093 2436 Sic
2143 2368 2409 2438 faciunt.
2454 2408 2550 2428 -

670 2488 771 2555 Et
836 2492 990 2554 v'ero
1048 2487 1160 2570 qui
1223 2485 1485 2552 honoris
1555 2501 1707 2553 sunt
1771 2486 1988 2571 cupidi
2049 2501 2113 2554 et
2178 2488 2547 2572 ambitiosi,

674 2603 840 2683 hos,
900 2600 1213 2683 arbitror,
1279 2601 1563 2682 novisti,
1629 2601 1686 2668 si
1745 2601 1974 2669 ducere
2029 2603 2344 2672 exercitus
2411 2624 2544 2673 non

675 2714 999 2808 possunt,
1060 2719 1352 2785 tribunos
1410 2738 1555 2787 esse
1604 2720 1933 2803 lubenter,
1997 2721 2428 2808 eosdemque,
2493 2725 2552 2793 si

677 2838 846 2925 apud
905 2839 1167 2921 majores
1229 2836 1702 2922 nobilioresque
1776 2840 1956 2905 nullo
2026 2854 2179 2907 sunt
2253 2842 2502 2910 honore
2524 2890 2551 2926 ,

670 2970 1015 3024 'contentos
1077 2974 1218 3022 esse
1263 2969 1471 3021 tamen
1496 3001 1519 3036 ,
1588 2956 1697 3022 ubi
1744 2976 1780 3024 a
1833 2956 2187 3025 minoribus
2249 2975 2314 3026 et
2368 2960 2551 3045 igno·

672 3072 1016 3140 bilioribus
1097 3073 1533 3140 honorantur:
1564 3061 1582 3078 “
1617 3056 1867 3157 'quippe
1939 3075 2198 3143 omnino
2284 3054 2548 3144 honoris

680 3193 978 3277 cupidos.
1021 3210 1115 3244 ⁶-
1154 3190 1252 3257 Ita
1305 3190 1491 3275 plane
1537 3209 1609 3258 se
1665 3210 1764 3258 res
1815 3178 2026 3261 habet.
2083 3232 2174 3247 —
2227 3193 2373 3261 Hoc
2433 3194 2551 3282 igi-

670 3324 826 3394 ·tur,
891 3329 932 3376 o
996 3306 1248 3375 Glauco
1275 3354 1300 3390 ,
1361 3310 1465 3375 vel
1525 3308 1948 3376 affirmandum
2010 3327 2109 3378 est
2162 3311 2352 3379 nobis
2379 3361 2405 3395 ,
2447 3310 2555 3383 vel

681 3444 754 3494 tu
778 3476 804 3510 ,
884 3429 939 3494 si
992 3442 1226 3513 potes,
1291 3444 1490 3511 nega,
1555 3426 1665 3509 qui
1723 3443 2028 3512 expetunt
2080 3428 2318 3513 aliquid
2361 3432 2553 3500 vehe-

678 3560 970 3629 menter,
1050 3564 1180 3612 non
1243 3545 1465 3631 partim
1529 3546 1650 3611 hoc
1706 3544 1851 3611 illos
1919 3546 2262 3631 persequi,
2322 3548 2550 3632 partim

674 3658 1126 3743 contemnere,
1172 3664 1284 3730 sed
1322 3677 1532 3730 totum
1590 3661 1871 3747 diligere.
1925 3702 2015 3717 --
2075 3661 2320 3732 Totum
2346 3665 2548 3750 illud,

672 3768 824 3865 Ᾰιῇο,
867 3775 1161 3862 diligunt.
1227 3812 1322 3832 ·-
1381 3777 1558 3870 Ergo
1621 3780 1955 3865 Φιλόσοφον
2001 3778 2279 3848 dicemus
2333 3787 2553 3870 σοφίας

677 3913 820 3965 esse
871 3898 1203 3963 amatorem
1228 3941 1253 3977 ,
1296 3913 1426 3961 non
1481 3895 1810 3980 peculiaris
1849 3897 2172 3981 cujusdam
2192 3942 2219 3978 ,
2261 3898 2376 3964 sed
2420 3919 2559 3965 om-

682 4017 781 4083 nir
841 4013 1128 4083 omnino.
1192 4050 1282 4067 --
1341 4012 1618 4096 Omnis,
1657 4008 1883 4086 fateor.
1945 4048 2034 4071 --
2092 3996 2262 4083 Eum
2312 4015 2555 4101 igitur,

2114 4142 2120 4148 ’
2440 4135 2554 4216 91ῑὶ
