2900 4817
1005 495 1375 541 --·--2r---

254 671 561 745 acceperat
580 705 608 741 ,
662 672 731 727 et
770 656 964 743 magis
1000 658 1184 725 etiam
1218 656 1576 742 dysenteria
1609 655 1942 734 laborans,
1989 645 2154 721 Co-'1

250 777 457 844 rintho
530 777 815 844 Athenas
884 775 1415 842 transveheretur.
1543 773 1673 840 Hic
1745 761 2070 854 Terpsion
2093 759 2148 834 a?

249 893 449 982 Quem
480 911 681 974 vero,
724 885 979 975 inquit,
1020 891 1228 958 virum
1288 892 1355 957 in
1396 890 1618 956 mortis
1652 887 1936 973 periculo
1970 895 2151 952 ver-³³

244 1011 361 1078 sari
414 1009 623 1077 dicis!
689 1011 872 1080 καλόν
926 1037 1000 1079 τε
1054 1012 1154 1078 καὶ
1215 1013 1482 1091 ἀγαθὸν,
1527 1027 1569 1073 o
1613 1006 1966 1090 Terpsiors,
2012 1021 2146 1071 re·-

242 1128 424 1212 ponit
488 1126 833 1207 Euclides3
905 1140 970 1191 et
1018 1143 1168 1192 sane
1216 1126 1551 1192 comitatus
1604 1143 1749 1191 eum
1809 1131 2144 1207 prosectu-²

242 1259 476 1327 rusque
533 1244 613 1309 ad
659 1244 960 1310 Erineum
1004 1244 1069 1290 (ὓ
1113 1261 1360 1334 usque,
1400 1245 1574 1308 'cum
1625 1241 1749 1308 huc
1792 1239 2056 1307 redicem
2082 1273 2144 1320 ‚-

240 1363 302 1428 in
337 1376 615 1428 mentem
659 1361 813 1427 mihi
856 1361 1130 1430 Socratis
1174 1361 1352 1427 venit
1374 1406 1397 1440 ,
1442 1358 1906 1441 admiratusque
1927 1342 2142 1438 sum‚²

243 1495 633 1562 qaum-vere·
654 1478 765 1545 ille
802 1492 867 1546 et
909 1478 988 1545 de
1029 1477 1163 1544 aliis
1203 1477 1353 1543 alias
1407 1490 1474 1542 et
1525 1475 1605 1540 de
1645 1475 1768 1540 hoc
1827 1472 2138 1557 inprimi&

242 1595 618 1662 vaticinatus
692 1596 859 1662 εἰμ’
911 1595 1181 1663 Videtur
1255 1594 1417 1659 enim
1498 1591 1651 1658 mihi
1702 1591 1919 1675 paucis
1973 1595 2138 1656 ante'

246 1727 511 1779 mortem
554 1712 780 1779 diebus
825 1712 915 1778 illi
938 1759 962 1793 ,
1006 1711 1474 1778 adolescentulo
1526 1709 1710 1775 etiam
1767 1723 1957 1788 tunc,
2000 1706 2138 1772 οἲ)-1

246 1830 407 1896 viam
445 1828 658 1895 factus
679 1876 705 1911 ,
748 1848 887 1895 cum
934 1829 1163 1896 fuisset
1219 1849 1361 1895 cum
1421 1846 1500 1895 eo
1537 1828 1933 1910 collocutus,
1977 1831 2136 1910 pel-‘0'

250 1965 434 2031 quam
496 1947 639 2031 ejus
694 1946 963 2013 indolem
1041 1947 1375 2012 admiratus
1434 1962 1616 2013 esset
1697 1945 1851 2011 mihi
1912 1923 2132 2011 autem¹

249 2065 537 2131 Athenas
614 2063 889 2130 venienti
944 2083 1088 2129 cum
1120 2067 1127 2074 ’
1158 2081 1476 2130 sermones
1541 2064 1882 2143 enarravit,
1951 2065 2132 2145 quo‘sss

256 2199 396 2246 cum
437 2198 519 2247 eo
548 2179 886 2260 habuerat,
928 2155 1154 2265 dignos
1213 2180 1434 2246 auditu
1496 2199 1686 2266 sane,
1747 2195 1883 2247 tum
1953 2181 2132 2248 acidi*

252 2298 385 2380 dit,
443 2309 860 2382 praestantem
920 2297 1089 2363 hunc
1150 2298 1356 2364 virum
1377 2345 1400 2379 ,
1446 2297 1501 2363 si
1549 2298 1933 2380 adoleverit,
1981 2275 2122 2376 sine

252 2415 446 2483 dubio
504 2414 818 2480 futurum.
865 2411 929 2461 ω’
1003 2414 1177 2479 Haec
1253 2416 1320 2480 in
1376 2415 1678 2496 exordi03
1751 2416 1862 2483 sed
1932 2415 2120 2480 n'obls

255 2533 461 2615 qualis
520 2529 633 2595 illa
695 2542 892 2596 aetate
953 2529 1339 2599 Theaetetus
1397 2530 1628 2614 fuerit,
1697 2551 1774 2598 ex
1799 2533 1921 2599 ‘his
1965 2531 2128 2617 ipsis

254 2649 560 2728 maxime,
605 2663 773 2729 quos
817 2647 1115 2713 Euclides
1156 2665 1454 2716 memorat
1475 2698 1498 2732 ,
1545 2623 1941 2717 sermonibus
1961 2700 1983 2734 ‚
2030 2649 2126 2718 in-³

258 2766 545 2850 telligere
586 2763 755 2829 licet.
843 2764 1008 2830 Nam
1060 2766 1285 2831 horum
1326 2766 1488 2833 facta
1537 2770 1896 2850 mentione,
1947 2769 2128 2855 rogat

255 2899 407 2948 eum
476 2878 839 2963 Terpsion,
905 2895 978 2947 ut
1039 2853 1252 2948 secum
1314 2901 1425 2949 eos
1461 2865 1951 2960 ‘communicen
2027 2888 2129 2956 ilie

256 3015 417 3065 vero
478 2997 547 3062 id
603 2996 785 3064 facile
826 2998 1024 3065 amico
1087 2999 1441 3084 recipiens,
1526 3014 1864 3084 postquam
1944 3000 2128 3069 ambo'
2222 3080 2234 3088 .

260 3133 636 3201 opportuno
678 3117 823 3180 loco
882 3115 1328 3197 consederant,
1378 3135 1567 3184 servo
1618 3119 1846 3185 librum
1902 3121 2127 3204 tradit,

264 3250 396 3314 quo
435 3250 551 3299 eos
601 3229 742 3313 ipse
798 3230 1258 3314 conscripserat
1303 3235 1449 3299 olim
1479 3282 1502 3315 ,
1549 3250 1612 3301 et
1661 3237 1868 3322 legere
1918 3239 2126 3324 jubet.
2241 3311 2250 3316 ,

260 3349 482 3416 Habiti
545 3363 753 3450 autem
817 3369 850 3415 a
906 3350 1163 3416 Socrate
1216 3349 1465 3418 fuerant
1528 3369 1693 3440 cum,
1732 3354 2080 3422 Theodoro
2107 3404 2129 3438 ,

269 3464 625 3549 Cyrenaico
661 3479 729 3530 et
765 3466 1035 3549 primum
1096 3467 1345 3549 quidem
1404 3471 1484 3536 de
1537 3469 1885 3537 Theaeteto
1911 3520 1935 3553 ,
1995 3486 2131 3538 tum

265 3582 567 3663 absente3
612 3601 765 3647 mox
802 3601 955 3648 vero
1003 3584 1149 3667 ipse
1187 3600 1532 3652 accesserat
1572 3587 1962 3678 adolescens.
2049 3589 2139 3656 Et

262 3698 355 3764 sic
416 3691 675 3780 quidem
732 3716 994 3767 exorsus
1049 3700 1343 3768 Socrates
1404 3703 1633 3770 fuerat.
1729 3753 1771 3787 ‚‚
1814 3707 1882 3772 Si
1941 3708 2142 3792 Cyre'-

266 3816 407 3882 naei
448 3832 601 3897 prae
640 3815 895 3882 caeteris
931 3818 1083 3883 mihi
1128 3836 1315 3886 curae
1370 3834 1620 3904 essent,
1666 3842 1708 3887 o
1753 3822 2135 3909 Theodore,

2063 3942 2140 4009 de

302 4133 313 4142 ‚
374 4050 459 4119 (ι)
494 4050 639 4105 Loci
683 4049 743 4100 in
792 4054 977 4108 Attica
1026 4069 1255 4119 nomen,
1302 4061 1365 4107 ut
1408 4072 1439 4108 ο
1473 4056 1729 4111 Pausania
1763 4058 1941 4114 effecit
1970 4057 2148 4114 Ηδὶη*

270 4143 415 4210 dors.
452 4149 519 4202 ad
551 4151 611 4207 h.
642 4152 685 4206 l.
833 4153 915 4222 (α)
952 4150 1174 4209 Theaet.
1211 4154 1308 4210 142
1346 4153 1410 4208 C.
