2900 4817
1041 481 1437 547 ...105-

297 657 509 711 autem
549 642 738 711 vobis
763 643 1063 725 interfui,
1086 661 1281 726 quum
1304 657 1613 726 quatenus
1657 643 1995 729 sapientiae
2033 653 2169 737 ειμι

310 762 584 827 dendum
623 777 789 827 esset
814 761 1017 842 ,inter
1045 779 1163 825 vos
1191 751 1604 827 consuleretis
1630 806 1654 842 ‚
1677 762 1957 845 novique
1978 807 2003 842 ,
2049 762 2168 826 hu·

291 877 581 964 jusmodi
629 878 796 961 apud
832 896 949 943 vos
994 877 1223 944 vicisse
1265 878 1625 959 opinionem
1648 925 1673 960 ‚
1716 895 1847 944 non
1901 893 2163 945 conten·

303 995 579 1061 dentium
642 1009 785 1061 esse
827 996 894 1059 in
949 994 1451 1078 philosophando
1495 996 1571 1062 ad
1618 999 1930 1081 ἅκριβείαν
1949 1046 1970 1073 ,
2012 993 2167 1062 dm·

294 1112 585 1197 gentiam
603 1129 632 1175 .·
676 1108 1165 1175 adhortabamini
1212 1129 1333 1176 vos
1384 1110 1651 1180 invicem
1694 1112 1851 1178 adeo
1872 1159 1896 1192 ‚
1941 1125 2018 1178 ut
2056 1129 2158 1179 ca·

302 1226 541 1292 vetetis
604 1225 932 1310 diligenter
952 1273 976 1306 ,
1059 1245 1141 1293 ne
1200 1227 1362 1292 ultra
1382 1275 1407 1309 ‚
1480 1247 1663 1311 quam
1725 1228 1966 1295 deceret
1990 1276 2017 1310 ,
2072 1249 2170 1296 sa·

304 1343 556 1427 pientes
624 1341 771 1408 facti
797 1389 822 1424 ‚
909 1333 1335 1427 imprudentes
1392 1345 1971 1429 corrumperemini.
2072 1347 2170 1413 Ut

305 1461 504 1546 igitur
556 1474 622 1526 te
662 1458 871 1525 audivi
918 1460 1072 1525 haec
1120 1460 1272 1525 mihi
1323 1461 1682 1528 suadentem
1709 1508 1734 1543 ‚
1795 1463 1968 1544 quod
2020 1463 2172 1531 ami-

309 1575 582 1642 cissimis
640 1576 755 1641 tibi
804 1575 1162 1640 hominibus
1221 1577 1522 1658 suasisti,
1565 1577 1861 1644 indicium
1918 1578 1982 1644 id
2018 1582 2173 1646 mihi

312 1694 610 1760 idoneum
641 1691 814 1772 fuit,
857 1693 1182 1774 verissime
1257 1706 1323 1760 te
1383 1693 1535 1760 mihi
1603 1694 1964 1762 benivolum
2004 1715 2168 1764 esse.

318 1811 652 1876 Caeterum
698 1810 892 1876 libere
930 1825 996 1876 te
1035 1811 1213 1891 loqui
1258 1829 1373 1877 nec
1429 1811 1872 1892 verecundari,
1937 1827 2002 1879 et
2037 1814 2176 1897 ipse

317 1928 476 1994 dicis
525 1943 594 1993 et
644 1946 850 1992 sermo
929 1926 1042 1992 tibi
1104 1943 1289 2008 tum,
1352 1945 1539 2010 quem
1592 1928 1782 1993 modo
1844 1928 2118 1995 habuisti
2144 1978 2169 2012 ‚

317 2045 681 2111 assentitur.
747 2044 854 2109 Sic
912 2044 1100 2129 igitur
1154 2045 1217 2109 in
1255 2045 1428 2110 hisce
1476 2062 1547 2111 se
1594 2063 1693 2110 τω
1732 2051 1899 2111 nunc
1937 2046 2170 2113 haben

318 2162 376 2225 si
433 2160 589 2243 quid
647 2176 716 2225 tu
775 2159 925 2224 mihi
987 2159 1051 2223 in
1112 2159 1507 2225 sermonibus
1572 2177 1866 2225 assensus
1918 2158 2115 2228 fueris
2144 2203 2170 2241 ,

317 2279 711 2362 exploratum
765 2278 883 2341 hoc
929 2277 1052 2360 jam
1093 2276 1244 2341 satis
1281 2295 1316 2341 a
1365 2290 1429 2339 te
1457 2294 1528 2340 ac
1568 2294 1666 2340 me
1703 2293 1887 2355 esse,
1930 2293 2047 2344 nec
2102 2277 2178 2341 il-

318 2398 432 2462 lud
494 2395 576 2460 ad
625 2393 794 2461 aliud
835 2411 976 2460 esse
1033 2409 1286 2459 examen
1341 2391 1753 2477 exigendum:
1815 2411 1944 2457 non
2006 2391 2173 2459 enim

319 2533 613 2581 assensus
671 2527 743 2578 tu
786 2510 850 2575 id
900 2529 1070 2577 esses
1128 2528 1336 2591 neque
1393 2508 1730 2593 sapientiae
1786 2508 2173 2595 indigentia,

319 2649 528 2713 neque
561 2627 968 2697 verecundiae
1024 2626 1402 2707 abundantia
1421 2673 1446 2708 ‚
1513 2644 1723 2710 neque
1795 2644 1948 2693 vero
2002 2621 2178 2694 'deci-

318 2746 530 2833 piendi
587 2750 830 2812 caussa:
896 2742 1132 2809 amicus
1185 2741 1350 2807 enim
1389 2742 1543 2808 mihi
1584 2761 1654 2809 es
1680 2789 1723 2823 ‚‚
1749 2759 1821 2808 ut
1860 2742 2000 2828 ipse
2052 2745 2169 2810 ais.

323 2866 568 2932 Revera
640 2862 831 2947 igitur
893 2878 1068 2925 meus
1120 2871 1400 2939 tuusque
1480 2876 1830 2923 consensus
1899 2859 2176 2926 veritatis

321 2978 578 3046 habebit
640 2994 980 3043 summum.
1091 2973 1216 3039 Est
1271 2986 1477 3039 autem
1541 2974 1909 3056 pulcerrima
1975 2994 2177 3045 rerum

309 3095 738 3163 ‘consideratio
771 3141 796 3173 ‚
838 3090 1131 3159 Callicles
1157 3135 1180 3171 ,
1216 3092 1295 3156 de
1337 3086 1575 3172 quibus
1623 3108 1724 3157 me
1753 3093 2186 3176 reprehendis·

319 3214 370 3280 ti
409 3214 646 3291 m0d0,
712 3211 960 3291 qualem
1021 3225 1161 3274 esse
1213 3206 1416 3272 virum
1474 3221 1807 3290 oporteat,
1851 3210 2006 3292 quid
2047 3227 2182 3279 stu·

325 3332 472 3397 dere
524 3344 589 3395 et
653 3340 958 3409 quatenus
984 3372 1007 3403 ‚
1050 3343 1193 3390 cnm
1258 3325 1566 3389 seniorem
1589 3372 1613 3406 ,
1657 3331 1819 3392 tum·
1838 3328 2179 3412 iuniorem.

326 3447 472 3533 Ego
524 3442 689 3511 enim
745 3442 802 3508 si
845 3442 999 3523 quid
1040 3440 1104 3506 in
1158 3438 1285 3506 vita
1335 3459 1473 3507 mea
1523 3440 1732 3508 minus
1789 3457 1959 3511 recte
2013 3465 2130 3532 ago
2153 3496 2178 3528 ‚

326 3564 487 3632 scito
533 3580 662 3628 non
714 3574 946 3645 sponte
995 3577 1096 3623 me
1143 3556 1561 3639 lubenterque
1599 3576 1802 3623 errare
1820 3605 1843 3639 ,
1890 3562 1999 3627 sed
2038 3584 2185 3647 prae
2264 3551 2279 3566 “

322 3681 568 3749 inscitia
623 3679 870 3745 scilicet
925 3677 1089 3742 med.
1183 3673 1292 3739 Tu
1347 3672 1582 3758 igitur,
1645 3687 1720 3739 ut
1778 3694 2030 3745 monere
2084 3702 2186 3750 me

328 3795 635 3881 coepisti,
707 3794 808 3866 ,ita
869 3810 952 3859 ne
1013 3792 1259 3858 desinas
1312 3788 1540 3870 velim,
1602 3790 1714 3856 sed
1776 3795 1958 3875 plane
2032 3799 2185 3868 mihi

332 3914 681 3978 demonstra
703 3954 727 3990 ‚
792 3907 948 3989 quid
989 3905 1144 3972 illud
1201 3905 1285 3970 sit
1307 3951 1331 3984 ,
1392 3904 1458 3969 in
1519 3905 1690 3986 quod
1750 3907 1903 3974 mihi
1949 3910 2190 3980 incum-

334 4027 602 4095 bendum
625 4024 906 4094 videatur
948 4035 1012 4091 et
1055 4020 1372 4105 quaiuud
1407 4013 1510 4088 vi&
1545 4009 1919 4106 consequar.
1950 4026 2193 4113 ,Qum-

2136 4161 2195 4213 si
