2900 4817
1460 400 1845 480 ...136-

721 584 856 650 νεη·
892 598 1118 647 sensus
1158 580 1280 661 sit,
1325 579 1540 645 fallere
1598 597 1721 645 nos
1762 596 1893 644 non
1952 577 2210 660 minus,
2255 600 2444 664 quam
2482 580 2589 649 vi·

721 718 834 766 stis
862 697 1472 781 ,·auditus‚caeteri
1513 714 1736 762 sensus
1777 710 1992 778 potest
2017 743 2041 777 ,
2086 709 2149 761 et
2193 698 2389 783 magis
2430 698 2592 764 adeo

726 818 805 883 de
854 819 1039 883 rebus
1102 815 1287 881 bonis
1350 829 1413 880 et
1457 812 1683 893 malis,
1723 812 1913 898 justis
1952 826 2016 878 et
2058 811 2312 897 injustis
2356 814 2595 879 disc&-

729 950 948 1001 scrunt
1007 930 1180 998 omni
1221 949 1377 996 aevo
1425 950 1460 996 a
1506 947 1578 995 se
1627 928 1895 994 invicem
1952 928 2274 994 hominum
2342 943 2595 997 senten-

725 1055 885 1128 tiae,
942 1068 1125 1131 quam
1182 1051 1257 1113 de
1322 1046 1654 1130 physicis,
1721 1062 1882 1126 quae
1943 1044 2290 1127 dicuntur,
2356 1046 2586 1112 rebus:

729 1166 1001 1233 mundus
1063 1181 1266 1232 autem
1325 1164 1625 1243 moralis,
1683 1162 1802 1227 nisi
1868 1168 2106 1228 veritas
2149 1162 2214 1226 in
2276 1180 2354 1228 eo
2390 1162 2593 1228 domi-

728 1298 954 1363 natur,
998 1302 1261 1365 reapse,
1308 1280 1509 1365 qualis
1553 1281 1636 1346 sit
1661 1328 1685 1360 ,
1727 1279 1988 1363 intelligi
2030 1280 2207 1345 nullo
2245 1279 2440 1344 modo
2478 1298 2595 1362 po·

727 1414 879 1467 test.
968 1401 1327 1485 Simplicius
1374 1399 1587 1483 igitur,
1629 1399 1804 1464 Plato
1860 1396 2271 1479 rectiusque,
2313 1410 2389 1461 ut
2423 1395 2595 1461 vide-

728 1530 876 1597 tur,
917 1520 1056 1589 veri
1092 1517 1275 1584 unice
1312 1516 1582 1582 laudavit
1605 1533 1840 1582 sensum
1862 1558 1887 1593 ‚
1919 1515 2172 1613 Ιὄργανον
2227 1512 2386 1577 illud
2426 1511 2601 1578 scili-

726 1643 828 1696 cet
878 1640 986 1709 τῆς
1030 1641 1242 1717 ψυχῆς
1264 1679 1288 1711 ,
1328 1639 1542 1718 μυριῶν
1597 1633 1885 1714 &aaaron
1940 1641 2243 1714 κρεῖττον,
2287 1624 2333 1712 ᾧ
2377 1654 2457 1710 γε
2486 1655 2607 1712 μα·-

730 1751 803 1831 v&
870 1753 1120 1828 ἀλήθεια
1181 1753 1428 1834 aptivam
1496 1748 1925 1828 mundumque
1986 1750 2184 1824 νοητὸν
2241 1744 2390 1810 huic
2446 1742 2597 1810 fecit

737 1863 871 1928 sive
917 1863 1131 1929 sensui
1192 1864 1329 1929 sive
1366 1869 1593 1950 ὄργανῷ
1638 1862 1774 1929 sive
1819 1871 2029 1948 ψυχῆς
2072 1864 2302 1946 ὄμματι
2322 1879 2601 1945 ,respon-

725 1978 997 2045 dentem.
1107 1978 1341 2046 Verum
1421 1980 1660 2046 scilicet
1720 1979 1878 2044 illud
1949 1994 2087 2062 est,
2173 1979 2348 2061 quod
2402 1997 2596 2045 unum

726 2109 1011 2176 spectare
1061 2095 1376 2162 hominem
1421 2097 1594 2162 omni
1633 2096 1696 2161 in
1736 2101 1961 2164 caussa
1997 2110 2254 2180 oportet
2278 2145 2304 2178 ,
2346 2115 2465 2163 nec
2508 2098 2599 2163 ul-

730 2210 790 2277 la
845 2211 967 2277 dici
1030 2226 1199 2278 recte
1251 2232 1494 2279 morum
1556 2213 1879 2297 disciplina
1939 2225 2204 2304 potest,
2248 2213 2380 2280 nisi
2441 2231 2599 2296 quae

731 2328 943 2393 eadem
985 2328 1183 2412 ipsius
1226 2330 1307 2396 sit
1369 2318 1664 2397 feritatis
1709 2330 2059 2413 disciplina.
2147 2330 2344 2415 Quod
2398 2344 2598 2396 autem

733 2447 1070 2510 memoravi
1124 2468 1347 2512 sacrae
1405 2447 1726 2512 doctrinae
1800 2461 2056 2513 nostrae
2120 2446 2596 2525 auctoritatem,

731 2558 964 2625 factum
1022 2562 1084 2626 in
1142 2563 1363 2644 primis
1423 2564 1561 2646 ejus
1619 2564 2003 2629 sublimitate
2059 2577 2203 2644 est,
2290 2577 2364 2628 ut
2417 2561 2600 2629 animi

736 2677 903 2758 apud
958 2678 1276 2744 Platonem
1343 2679 1402 2744 in
1447 2679 1751 2745 mundum
1810 2685 2006 2759 νοητὸν
2062 2679 2349 2746 escensio
2409 2681 2598 2764 vulgo

733 2793 1121 2876 acciperetur
1160 2808 1505 2878 perperam.
1569 2796 1734 2862 Nam
1766 2815 2023 2880 regnum
2066 2797 2386 2878 veritatis,
2432 2797 2604 2881 quod

739 2909 919 2976 Plato
990 2927 1278 2995 spectat,
1362 2913 1426 2981 in
1509 2934 1640 2996 quo
1712 2918 2027 2998 βασιλεύει
2112 2921 2146 2995 ἦ
2209 2922 2315 2986 τοῦ
2374 2919 2603 2997 ἀγαθοῦ

737 3031 868 3103 ma
894 3075 919 3110 ‚
963 3027 1053 3090 (ι)
1094 3029 1160 3094 in
1200 3031 1274 3095 ea
1312 3031 1521 3096 vocari
1578 3032 1827 3097 coeleste
1867 3050 2125 3116 regnum
2161 3033 2333 3100 solet
2352 3078 2377 3112 ,
2423 3029 2604 3113 quip-

739 3164 824 3229 pe
857 3147 1086 3211 coelum
1137 3147 1278 3212 licet
1331 3166 1462 3213 non
1526 3147 1757 3227 unice,
1805 3148 2134 3232 praecipue
2174 3161 2379 3213 tamen
2431 3165 2604 3229 spec-

745 3276 928 3330 tans:
975 3265 1079 3331 cui
1137 3264 1384 3330 dicendi
1431 3264 1659 3329 rationi
1724 3265 1920 3349 vulgo
1978 3264 2264 3336 homines
2300 3268 2338 3329 a
2375 3262 2599 3329 teneris

745 3380 977 3449 assueti
1002 3430 1026 3464 ,
1071 3381 1255 3448 facile
1275 3383 1431 3447 hanc
1481 3382 1675 3463 ipsam
1708 3380 1771 3444 in
1812 3380 2092 3446 Platonis
2137 3380 2598 3464 philosophiam

750 3502 1251 3582 transtulerunt,
1320 3515 1391 3565 ut
1461 3503 1648 3584 ὁρατῷ
1717 3498 1953 3563 mundo
2020 3512 2381 3564 terrestrem
2454 3498 2599 3563 hanc

747 3616 935 3682 vitam
995 3632 1267 3683 nostram
1291 3665 1314 3698 ,
1382 3621 1560 3700 νοητῷ
1602 3635 1754 3682 vero
1822 3616 2126 3681 coelestem
2168 3613 2591 3700 intelligerent.

748 3733 1074 3817 Perperam
1133 3734 1420 3818 profecto
1486 3735 1599 3801 illi.
1692 3731 1849 3801 Nam
1916 3733 2091 3800 Plato
2134 3730 2285 3798 licet
2334 3716 2593 3799 futurain

1866 3866 1875 3872 ·
2472 3863 2597 3912 ani·

806 3985 896 4061 (8)
933 3998 1010 4047 De
1041 3992 1183 4063 Καρ.
1221 3988 1323 4045 vl.
1383 3991 1502 4067 509.
1538 3991 1611 4045 D.
1650 3990 1741 4048 Cf·
1774 3986 1916 4047 Vn.
1948 3986 2068 4045 516·
2104 3985 2169 4042 B.
2204 3991 2262 4042 ct
2288 3985 2414 4057 517·
2436 3982 2503 4041 B.
2530 3975 2601 4040 G.
