2900 4817
1432 497 1822 545 —100—

668 668 816 745 ’χῆς
877 637 940 730 3}
999 669 1368 748 ςοχκστικῆς
1444 665 1547 731 καὶ
1617 665 1887 746 ἀνδρείας
1966 660 2067 729 καὶ
2121 662 2305 745 Φύσει
2361 661 2550 738 δεινῆς

696 772 1061 860 &poc-ommino
1119 791 1240 854 τοῖς
1289 780 1623 862 ἀνθρώποις·
1665 785 1885 850 καλῶ
1932 780 2013 848 δὲ
2070 782 2335 846 αὐτοῦ
2393 782 2597 860 ἐγὼ

697 897 787 962 τὸ
847 896 1354 978 κεφάλαιον,
1401 894 1882 961 κολακείαν
1925 889 2015 955 (¹³.
2105 887 2379 956 Videtur
2434 892 2563 954 mi-

695 1005 766 1074 ld
820 1029 941 1075 esse
992 1008 1263 1076 studium
1328 1006 1632 1095 quoddam
1654 1053 1681 1089 ‚
1758 1027 1878 1073 non
1922 1003 2166 1093 quidem
2220 1020 2379 1072 arte·
2410 1026 2565 1072 com.

695 1139 935 1191 tentum
957 1172 981 1206 ‚
1024 1124 1136 1191 sed
1176 1127 1415 1209 ingenii
1449 1126 1691 1208 sagace‘s
1712 1170 1738 1205 ,
1779 1127 2037 1209 aptique
2080 1122 2331 1188 natura
2358 1138 2422 1187 ct
2446 1138 2567 1208 po·,

694 1245 883 1308 tentis
942 1239 1035 1307 ad
1079 1242 1389 1307 hominum
1467 1239 1586 1306 sibi
1651 1236 2147 1306 consuetudieem
2215 1237 2560 1303 concilian-

696 1355 892 1423 dam:
931 1377 1327 1424 summam
1387 1372 1677 1423 autem
1733 1356 1921 1439 ejus
1976 1369 2056 1422 et
2113 1367 2382 1441 caput
2419 1369 2567 1442 ap-.

682 1472 926 1561 pello
990 1472 1659 1540 adulationem·
1749 1470 1918 1538 Hinc
1998 1468 2229 1552 efficit,
2309 1483 2551 1538 tantum

694 1588 918 1655 abesse
935 1636 961 1671 ,
1024 1605 1098 1655 ut
1121 1635 1148 1672 ,
1192 1606 1356 1671 quae
1410 1588 1667 1658 summis
1722 1586 1788 1653 in
1836 1587 2079 1653 coelum
2126 1583 2412 1652 laudibus
2460 1581 2557 1649 ef-

695 1703 846 1772 ferri
897 1707 1061 1772 solet
1130 1703 1372 1771 dicendi
1429 1723 1530 1770 ars
1556 1750 1581 1786 ‚
1665 1702 1852 1789 digna
1903 1704 2005 1770 his
2064 1701 2354 1769 laudibus
2419 1700 2503 1765 sit
2526 1745 2553 1780 ,

696 1834 771 1887 ut
815 1840 897 1888 ne
943 1840 1044 1888 ars
1109 1821 1358 1903 quidem
1416 1820 1543 1888 dici
1601 1819 1821 1888 debeat
1865 1834 1929 1887 et
1968 1837 2121 1886 vero
2176 1818 2257 1884 ad
2318 1815 2558 1901 gravis·

693 1937 922 2005 simum
955 1938 1258 2020 pertineat
1286 1938 1560 2004 hominis
1608 1936 2076 2004 detrimentum.
2161 1935 2326 2005 Nam
2376 1932 2559 2016 quid·

690 2054 758 2118 ni
809 2052 1113 2138 pertineat
1136 2101 1161 2134 ‚
1204 2053 1335 2134 ait,
1378 2073 1523 2120 cum
1570 2054 1763 2121 studii
1812 2072 1957 2138 pars
2003 2053 2086 2119 sit
2131 2050 2410 2117 omnium
2460 2051 2555 2118 vi·

693 2163 922 2235 lissimi
985 2169 1563 2255 abjectissimique,
1625 2171 2066 2239 adulationis?
2150 2169 2401 2253 Fingit,
2457 2169 2561 2235 his

690 2284 778 2360 ita
837 2286 1143 2369 explicitis
1168 2334 1192 2367 ‚
1276 2287 1566 2354 Socrates
1615 2287 1752 2354 sive
1804 2292 1984 2373 μυθόν
2040 2287 2179 2355 sive
2214 2286 2587 2373 apologum·

690 2399 767 2464 de
825 2401 1162 2467 adulatoria
1222 2415 1353 2468 arte
1371 2449 1396 2483 ‚
1441 2419 1572 2484 quo
1628 2415 1824 2467 totam
1879 2402 1944 2468 in
2001 2404 2145 2469 luce
2194 2402 2377 2485 ponit
2434 2403 2556 2468 So-

685 2515 1031 2598 phistarum
1071 2518 1466 2585 calliditatem
1500 2537 1570 2585 ac
1606 2519 2103 2602 perversitatem.
2192 2517 2355 2584 Sunt
2402 2539 2557 2601 qua·

691 2644 841 2698 tuor
896 2633 1034 2700 sive
1076 2646 1240 2700 artes
1297 2634 1437 2701 sive
1489 2653 1636 2717 re8‚
1700 2635 1954 2717 inquit,
2012 2634 2199 2701 rebus
2261 2635 2553 2701 humanis

688 2750 989 2833 perutiles
1053 2765 1116 2817 et
1184 2751 1569 2818 necessariae
1588 2799 1613 2833 ,
1702 2770 1962 2834 quarum
2035 2751 2192 2818 duae
2253 2751 2505 2834 corpori
2530 2798 2559 2833 ‚

686 2867 866 2934 duae-
895 2868 1106 2935 animo
1156 2869 1590 2953 prospiciunt:
1639 2868 1782 2935 illae
1835 2884 1987 2933 sunt
2032 2873 2425 2954 gymnastico
2487 2883 2555 2936 et

684 2983 993 3051 mediclna
1012 3032 1038 3067 ,
1082 2985 1194 3051 hae
1214 3033 1239 3067 ,
1282 2986 1408 3051 illis
1460 2989 1801 3070 ἄντίςροφοι
1825 3032 1848 3064 ,
1891 2985 2282 3071 legislator-la
2321 2999 2385 3052 et
2408 2987 2557 3071 sus-

680 3103 879 3167 titia:
929 3120 1128 3170 unum
1179 3117 1278 3169 est
1337 3102 1555 3168 harum
1613 3100 1892 3167 omnium
1944 3116 2278 3166 commune
2336 3109 2551 3166 consi-

680 3217 877 3296 lium,
924 3231 994 3282 ut
1052 3217 1371 3284 hominem
1430 3217 1694 3284 efficiant
1755 3216 1927 3282 omni
1971 3229 2147 3299 parte
2198 3214 2548 3298 perfectum

680 3330 1194 3415 absolutumque.
1302 3331 1500 3419 Quod
1558 3333 1833 3399 sentiens
1900 3331 2308 3408 Adulatoria,
2383 3333 2553 3399 haud

681 3449 887 3515 sciens
943 3450 1194 3532 quidem
1223 3495 1247 3530 ‚
1291 3467 1434 3515 nam
1487 3450 1663 3516 nihil·
1688 3450 1872 3517 habet
1908 3469 2055 3517 cum
2094 3450 2348 3517 scientia
2379 3469 2559 3516 com·

681 3584 915 3646 mune,
996 3567 1109 3632 sed
1165 3568 1523 3651 conjectans
1545 3615 1567 3646 ,
1634 3568 1701 3633 in
1755 3581 2027 3649 quatuor
2081 3582 2279 3635 semet
2340 3581 2552 3649 partes

677 3681 935 3761 divisit,
1013 3681 1347 3767 induitque
1399 3684 1511 3749 has
1570 3702 1669 3750 res
1721 3699 2017 3765 artesque
2067 3684 2393 3767 singulaS‚
2480 3696 2556 3748 ut

676 3815 819 3866 esse
860 3796 1217 3882 singulatim
1279 3799 1603 3866 videretur
1627 3847 1651 3880 ‚
1742 3819 2005 3882 quarum
2071 3798 2353 3865 omnium
2408 3818 2557 3883 spe·

678 3913 835 3992 ciem
891 3927 1290 3981 assumserat.
1379 3915 1475 3981 Ita
1523 3914 1746 3984 accidit
1769 3963 1793 4000 ,
1841 3916 2017 3999 quod
2058 3932 2227 3985 nunc
2286 3915 2420 3982 fieri
2458 3914 2552 3978 vi-

751 4135 836 4228 (1)
871 4134 1041 4206 Gurg.
1077 4137 1180 4192 462
1217 4135 1276 4189 n.
1315 4136 1419 4192 46³
1453 4137 1522 4189 A.
1584 4176 1593 4180 -
1666 4093 1680 4198 J
2449 4031 2559 4122 cle«
