2900 4817
1514 513 1902 577 0-124—

770 704 938 760 γοιτο
990 679 1247 753 δικαίως.
1335 667 1599 741 scientis
1646 687 1978 743 sermonem
2031 676 2190 746 dicis
2233 682 2539 751 viventem
2570 699 2632 749 et

762 799 1114 861 am'masum
1144 838 1167 872 ,
1209 790 1385 873 crff'us
1412 793 1652 879 scripta
1681 796 1886 859 oratio
1922 793 2329 861 se'mulacrum
2372 780 2637 885 ali'qu'od

761 931 884 977 non
941 912 1147 997 inepte
1192 906 1683 995 nuncupabitur.
1772 908 1832 974 E
1896 928 2019 990 qua
2081 912 2383 978 sententia
2443 913 2655 997 origo*
2769 999 2777 1018 e

759 1024 988 1109 dialogi
1033 1040 1264 1107 sponte
1315 1009 1591 1090 ducitur.
1680 1023 1803 1090 Sed
1857 1032 2076 1109 pergat
2112 1024 2399 1121 Socrates
2446 1028 2626 1111 quod

758 1141 966 1207 animo
1030 1139 1227 1206 sentit
1272 1139 1601 1224 explicare.
1694 1139 2057 1207 Sermonem
2102 1143 2324 1210 deinde
2344 1190 2367 1224 ,
2433 1163 2623 1228 quem

754 1258 916 1327 dixit
942 1307 966 1341 ‚
1026 1261 1329 1327 viventem
1388 1270 1453 1323 et
1503 1259 1856 1324 animatum
1880 1305 1904 1339 ‚
1948 1258 2251 1341 agricolae
2300 1276 2622 1350 comparat

753 1394 871 1463 per
922 1394 1106 1460 agros
1162 1373 1398 1441 semina
1456 1373 1799 1460 spat-genti.
1897 1374 1972 1439 Id
2026 1375 2180 1440 mihi
2238 1377 2334 1443 dic
2357 1425 2381 1458 ,
2429 1387 2620 1460 quae&

753 1513 830 1563 so
855 1540 879 1575 ‚
940 1491 1073 1580 ait,
1131 1490 1358 1558 mentis
1412 1507 1673 1574 compos
1721 1491 1986 1575 agricola
2010 1537 2033 1571 ,
2102 1490 2159 1556 si
2226 1513 2387 1577 quae
2426 1495 2615 1563 habet

744 1608 984 1677 semina
1007 1656 1031 1689 ,
1092 1625 1252 1690 quae
1300 1606 1424 1690 ipsi
1483 1625 1667 1674 curae
1703 1608 2008 1691 cordique
2070 1621 2221 1675 sunt
2242 1656 2267 1691 ,
2314 1628 2618 1692 quorum·

748 1745 877 1812 que
932 1726 1178 1793 fructus
1242 1742 1465 1808 capere
1525 1741 1670 1791 avet
1688 1772 1714 1806 ‚
1772 1725 2107 1808 numquid
2166 1726 2232 1792 in
2299 1713 2619 1794 Adonidis

745 1844 1016 1911 hortulis
1060 1843 1240 1926 quasi
1278 1859 1458 1907 arans
1496 1842 1716 1908 sedulo
1763 1839 1873 1925 ω,
1928 1842 2218 1927 gaudebit
2271 1845 2393 1909 hos
2435 1863 2617 1928 spec·

746 1977 885 2029 tans
938 1962 1229 2027 hortulos
1277 1959 1440 2026 intra
1494 1957 1628 2024 dies
1679 1976 1827 2023 octo
1869 1960 1993 2044 jam
2037 1961 2298 2042 pulcros
2348 1959 2550 2027 factos
2573 1961 2613 2027 ‘3

746 2079 857 2146 An
920 2096 1073 2144 vero
1158 2073 1222 2143 id
1298 2074 1451 2143 festi
1525 2076 1847 2161 cujusdam
1914 2076 2034 2142 diei
2097 2076 2358 2160 ludique
2422 2079 2614 2165 gratia

743 2194 968 2276 faciet,
1012 2194 1067 2259 si
1114 2193 1367 2277 quidem
1412 2192 1787 2275 faciatz'at‚
1829 2191 1941 2259 ubi
1969 2191 2139 2260 serio
2177 2213 2369 2278 agens
2385 2203 2427 2277 ,'
2453 2197 2615 2282 agri·

740 2313 1022 2378 culturae
1077 2308 1354 2377 studium
1401 2308 1795 2388 adhibuerit,
1874 2324 2042 2377 seret
2067 2358 2091 2392 ‚
2153 2311 2267 2377 ubi
2315 2313 2616 2380 convenit

743 2444 810 2497 et
866 2428 1037 2496 satis*
1080 2428 1205 2495 sibi
1250 2413 1631 2493 consecutus
1699 2426 2059 2510 videbitur,
2123 2428 2176 2494 si
2237 2444 2385 2495 octo
2440 2443 2614 2496 men*

738 2540 903 2609 sium
959 2544 1284 2608 intervallo
1346 2540 1506 2605 satio
1544 2535 1744 2623 ipsius
1788 2539 2004 2624 fruges
2045 2542 2440 2626 protulerit?
2485 2545 2613 2612 Hie

736 2660 1101 2728 Phaedrus:
1149 2659 1234 2725 ita
1279 2639 1592 2740 prorsus,
1653 2674 1702 2750 ο,
1745 2658 2083 2739 Socrates,
2130 2657 2256 2741 ait,
2302 2658 2408 2725 illa
2440 2663 2613 2744 ,quia

737 2779 877 2846 dem
921 2776 1141 2842 ludens
1187 2778 1514 2862 jocoque,
1575 2787 1644 2839 ut
1694 2772 1897 2856 dicis,
1952 2774 2105 2841 haec
2162 2789 2370 2842 autem
2439 2778 2607 2845 serio

731 2892 941 2980 faciet.
1033 2893 1158 2961 Cui
1192 2884 1523 2959 Socrates:
1569 2890 1887 2958 hominem
1927 2909 2130 2973 vero,
2168 2893 2328 2979 justi
2371 2893 2605 2962 hones-¹

735 3010 914 3093 tique
975 3009 1294 3076 scientiam
1355 3007 1784 3094 possidentem
1801 3054 1826 3089 ,
1901 3008 2172 3091 agricola
2231 3009 2605 3094 ineptiorem

734 3128 814 3193 ad
873 3127 1107 3192 semina
1159 3144 1272 3191 sua
1314 3125 1659 3209 spargenda
1717 3125 2132 3208 pntabimus?
2171 3167 2263 3182 —
2303 3127 2603 3198 Omnium

734 3243 1008 3309 minime.
1040 3257 1147 3293 ’-
1186 3241 1342 3307 Non
1384 3241 1576 3326 igitur
1602 3241 1891 3309 studiose
1925 3244 2105 3326 quasi
2144 3244 2207 3311 in
2255 3265 2416 3328 aqua
2448 3248 2605 3315 scri-
2628 3272 2645 3282 ·

733 3363 888 3442 bet,
930 3375 1271 3428 atramento
1322 3377 1439 3444 per
1489 3362 1789 3427 calamum
1853 3378 2069 3428 serens
2122 3376 2188 3429 et
2247 3382 2412 3432 usus
2464 3375 2641 3433 ora··

733 3477 953 3558 tione,
1000 3493 1160 3561 quae
1192 3493 1308 3543 nec
1347 3474 1601 3542 sibimet
1640 3476 1777 3561 ipsa
1814 3475 2099 3544 auxiliari
2147 3477 2439 3562 ratione,
2482 3498 2600 3549 nec

2338 3622 2347 3631 ·
2432 3596 2595 3663 alios

804 3781 887 3852 (ι)
928 3776 1023 3832 sie
1062 3759 1363 3846 exprimere
1398 3776 1669 3847 vulgatam
1709 3775 2003 3831 lectionem
2036 3773 2256 3841 studui,
2293 3791 2456 3845 qum
2474 3782 2603 3832 tuo-

733 3899 824 3947 inr
868 3892 985 3943 Ant·
1019 3888 1088 3980 ad
1110 3887 1342 3945 Phaedr.
1371 3906 1427 3956 p.
1463 3888 1585 3944 888.
1619 3886 1788 3941 Forte
1805 3902 1910 3956 pro
1932 3883 2077 3961 ἄρῦυ
2111 3885 2395 3957 legendum
2424 3881 2600 3957 ἄρδων

733 3992 1009 4062 irrigans,
1046 3995 1109 4045 ut
1137 3988 1400 4041 sententia
1437 3988 1549 4041 ait·
1604 3986 1857 4058 agricola
1895 4010 1978 4031 ⁸-
2028 3989 2299 4061 numquid
2336 4002 2404 4043 ea
2455 3988 2602 4040 serio

736 4091 797 4143 in
827 4090 1104 4145 Adonidis
1132 4088 1313 4143 hor-tte
1346 4088 1623 4159 irrigans,
1653 4084 1926 4158 gaudebit
1955 4104 2037 4130 —
