2900 4817
1103 484 1201 519 “·“-·
1246 481 1464 547 57—-

343 649 724 716 esse-nobis
780 664 1152 729 censemus,
1197 660 1270 712 ut
1327 663 1641 712 summum
1692 643 1848 710 illud
1879 638 1944 708 in
1980 641 2218 707 mundo

339 768 570 853 rona-53⁴,
613 760 743 831 acsi
797 764 919 848 ipsi
972 778 1326 831 teneremus
1349 810 1371 846 ,
1396 775 1401 779 ’
1430 762 1696 829 interius
1750 760 1934 827 etiam
1961 807 1987 841 ‚
2031 777 2221 841 quarn

342 884 549 949 voluit
606 884 832 963 Plato,
876 882 1192 966 inquirere
1234 871 1559 946 conemur.
1648 880 1799 962 Ipse
1857 876 2101 944 scilicet
2140 877 2224 941 de

343 1021 478 1084 e0,
535 1021 666 1085 quo
741 999 929 1066 nobis
985 1000 1181 1085 maJus
1229 997 1634 1080 diviniusque
1691 1009 2049 1081 appareret,
2130 1008 2221 1058 ta·

346 1138 486 1186 cere
506 1167 530 1202 ,
575 1138 760 1202 quam
795 1136 1017 1201 pamm
1062 1116 1269 1182 dicere
1303 1096 1543 1183 maluit.

430 1236 675 1304 Tantae
751 1252 884 1301 non
957 1247 1109 1299 sunt
1166 1231 1459 1316 profecto
1526 1229 1930 1297 sublimitatis
1950 1276 1976 1312 ‚
2060 1240 2227 1310 quae

348 1368 500 1438 post
556 1352 882 1419 Platonem
929 1347 1346 1461 philosophi,
1367 1346 1705 1413 socratica
1744 1346 1849 1412 illa
1899 1356 1961 1410 et
2012 1345 2225 1412 Plato·

349 1469 494 1537 nica
551 1468 920 1553 persecuti,
998 1466 1079 1532 de
1152 1486 1384 1531 summo
1451 1465 1603 1530 bono
1625 1511 1650 1544 ‚
1713 1463 1851 1530 sive
1871 1509 1895 1545 ,
1956 1474 2033 1529 ut
2107 1479 2227 1527 vo-

352 1587 622 1669 cabant,
688 1585 764 1651 de
814 1582 1044 1671 finibus
1088 1584 1383 1648 bonorum
1439 1596 1505 1647 ct
1560 1581 1870 1647 malorum
1934 1578 2228 1664 prodide-

233 1780 248 1789 ,
352 1720 526 1773 runt.
612 1704 906 1791 Quorum
966 1700 1305 1767 sententias
1354 1699 1586 1767 Cicero
1652 1697 1981 1779 diligenter
2035 1695 2230 1762 diserb

353 1823 590 1908 teque,
653 1840 771 1915 nec
833 1834 1046 1886 tamen·
1089 1817 1444 1885 Platonicae
1503 1817 1693 1899 hujus
1734 1811 2229 1897 disputationis,

355 1954 432 2007 ut
486 1939 778 2019 videtur,
822 1953 1064 2002 memor
1100 1932 1419 2016 exposuit.
1508 1932 1672 1998 Nam
1732 1930 1897 1998 idem
1949 1930 2016 1998 in
2056 1930 2233 1997 hisee

355 2061 675 2128 Platonem
703 2102 727 2138 ,
817 2054 992 2136 quod
1062 2052 1317 2119 Stoicos
1388 2063 1450 2115 et
1527 2049 1884 2131 Epicureos
1958 2061 2181 2132 postea
2205 2078 2230 2127 5

359 2192 679 2262 spectasse
706 2222 729 2256 ,
788 2173 1008 2239 iisdem
1055 2169 1182 2235 illis
1238 2167 1519 2233 Socratis
1584 2167 1752 2248 apud
1794 2182 1963 2232 eum-
1997 2182 2237 2229 sermo-

358 2266 537 2361 ribus
590 2305 788 2376 patet.
899 2290 1047 2354 Hoc
1103 2300 1348 2365 autem,
1416 2284 1624 2365 inquit
1666 2328 1689 2363 ‚
1750 2279 1986 2347 novisti
2048 2296 2232 2362 sane,

362 2410 738 2499 vulgaribus
799 2405 1161 2474 hominibus
1205 2405 1435 2470 'bonum
1497 2404 1831 2484 ἡδονὴν,
1896 2397 2237 2484 elegantio-

359 2530 540 2597 ribus
579 2530 954 2615 φρόνησιν
999 2522 1196 2592 videri
1242 2539 1411 2588 esse.
1458 2555 1551 2574 —
1592 2517 1887 2606 Quidni?
1930 2555 2017 2570 -—
2059 2517 2235 2583 Tum

363 2647 550 2717 etiam
598 2647 836 2722 hosce,
901 2617 1011 2724 qui
1066 2640 1159 2705 sic
1208 2636 1569 2704 existimant
1620 2636 1711 2701 de·
1746 2652 1893 2716 eo‚·
1928 2633 2239 2700 declarare

361 2782 494 2832 non
551 2780 789 2847 posse,
875 2776 1036 2842 quae
1090 2756 1172 2822 sit
1230 2758 1563 2855 φρόνησις,
1644 2752 1755 2817 sed
1798 2750 1939 2836 cogi
1988 2752 2236 2816 tandem

367 2862 597 2964 fateri,
663 2886 768 2950 τοῦ
824 2880 1059 2958 ἀγαθοῦ
1109 2876 1388 2961 φρόνησιν
1430 2886 1594 2935 esse.
1642 2903 1737 2919 —
1793 2868 1884 2933 Et
1934 2882 2238 2950 perquam

367 3019 521 3070 sane
573 2996 856 3065 ridicule.
899 3028 993 3071 5-
1033 2989 1271 3079 Q'uidni
1316 3005 1469 3053 vero
1524 2984 1834 3050 ridicule?
1905 3000 2103 3066 quum
2145 2976 2246 3048 vi-

367 3128 730 3205 tuperantes
783 3132 952 3194 nos,
991 3109 1164 3193 quod
1221 3109 1583 3192 ignoremus
1646 3104 1870 3191 bonum
1893 3150 1919 3183 ‚
1961 3098 2043 3168 de
2097 3101 2246 3166 bono

371 3240 595 3303 rursus
652 3231 984 3298 nobiscum
1009 3275 1034 3310 ,
1115 3241 1426 3306 tamquam
1489 3217 1988 3305 intelligentibus
2035 3216 2243 3297 illud,

372 3350 770 3438 loquantur?
815 3349 1016 3434 Ajunt
1051 3343 1230 3412 enim
1227 3341 1458 3406 bunum
1491 3356 1633 3405 esse
1657 3341 1936 3424 φρόνησιν
1971 3340 2242 3419 azyaco&

287 3520 306 3549 .
373 3470 561 3559 quasi
610 3465 972 3537 noverimus
996 3510 1020 3545 ‚
1067 3460 1218 3544 quid
1263 3458 1386 3542 ipsi
1431 3456 1639 3521 dicant
1676 3472 1822 3521 cum
1862 3461 1971 3525 τοῦ
2009 3458 2246 3536 ἀγαθῶ

375 3585 610 3691 nomen
669 3581 1111 3672 pronunciant.
1174 3615 1264 3631 -
1333 3576 1503 3641 Vera
1574 3573 1878 3656 loqueris.
1922 3606 2017 3622 -
2075 3569 2250 3657 Quid

379 3727 536 3779 vero
559 3707 596 3774 ‘2'
659 3704 772 3788 qui
824 3700 1044 3767 bonum
1098 3700 1297 3779 ἧδονην
1338 3709 1482 3758 esse
1520 3689 1876 3770 definiunt,
1943 3687 2253 3789 numquid

369 3829 590 3919 minus
613 3872 638 3907 ,
708 3839 894 3905 quam
944 3815 1038 3883 illi
1061 3861 1084 3897 ,
1143 3825 1348 3880 errant
1368 3809 1425 3875 ⁴3.
1467 3825 1680 3873 nonne
1722 3820 1786 3871 et
1824 3805 1890 3870 hi
1939 3818 2257 3890 coguntur

385 3943 566 4017 fateri
580 3990 614 4025 5
666 3940 1013 4027 voluptates
1053 3948 1214 4001 esse
1273 3924 1518 3996 malas2
1563 3962 1650 3977 —
1694 3924 2038 4006 Coguntur
2078 3937 2258 4003 pror-

387 4079 521 4130 sus,
587 4098 675 4113 -
729 4053 969 4124 Evenit
1030 4051 1159 4132 iis,
1203 4046 1434 4127 credo,
1481 4058 1555 4110 ut
1614 4041 1855 4117 eadem
1870 4053 1955 4106 et
1993 4039 2165 4119 hona
2197 4048 2263 4100 et

2133 4170 2260 4217 ma-
