2900 4817
1165 466 1516 531 ...53-

405 630 612 699 oratio
632 630 936 715 referret3
972 630 1095 697 hoc
1119 648 1313 712 vero,
1352 602 1879 712 quemadmodum
1911 650 2078 698 nunc
2110 632 2283 702 vide·

401 769 544 819 mus
564 798 589 833 ,
615 751 701 816 ita
722 796 747 831 ,
770 762 843 817 nt
863 748 1161 834 imagines
1179 747 1412 826 pariter
1436 794 1463 830 ,
1480 765 1597 815 nec
1635 747 1843 815 minus
1876 746 2184 817 sublimes
2204 750 2281 817 il-

397 868 489 932 ias
511 914 534 948 ,
554 887 590 934 a
614 865 799 951 poesi
822 867 1075 932 duceret
1102 912 1127 946 ‚
1148 883 1363 932 verum
1377 885 1685 932 summam
1713 866 2145 949 disquisitioni
2170 869 2278 935 ad·

397 983 643 1051 hiberet
679 982 1024 1050 disserendi
1062 981 1470 1067 diligentiam.
1515 984 1656 1050 Nec
1693 981 1983 1067 profecto
2024 984 2277 1051 mirum.

396 1101 652 1168 Etenim
690 1102 768 1168 ad
792 1101 1091 1189 pulcrum
1135 1099 1608 1185 percipiendum
1657 1101 1864 1166 animo
1885 1146 1910 1183 ‚
1959 1100 2277 1168 hominem

393 1219 690 1312 censebat
748 1238 784 1287 a
845 1220 1060 1284 tenera
1111 1217 1259 1284 inde
1316 1231 1545 1284 aetate-
1573 1236 1689 1301 per
1731 1233 1919 1284 artes.
1939 1218 2281 1304 elegantio-

396 1353 535 1417 res,
597 1354 711 1421 per
762 1335 1062 1402 musicam
1117 1334 1381 1411 maxime
1443 1348 1509 1400 et
1543 1335 1773 1419 poesin
1815 1333 2277 1403 informandum

393 1469 572 1519 esse..
653 1452 906 1536 Spirare
975 1452 1170 1537 igitur
1223 1453 1426 1519 oratio
1491 1451 1691 1536 ipsam
1748 1456 2023 1535 poeseos
2078 1453 2281 1519 subli-

396 1566 672 1661 mitatem
710 1567 1000 1634 debebat.
1088 1567 1195 1634 Ad
1244 1566 1400 1635 boni
1437 1586 1590 1637 vero
1629 1568 1825 1634 ideam
1872 1568 2051 1634 aliam
2091 1568 2279 1637 nobis

398 1684 775 1752 monstravit
825 1685 988 1755 viam
1008 1732 1032 1767 ‚
1091 1703 1380 1768 quaeque
1420 1684 1763 1770 juvenibus
1820 1686 2092 1752 ineunda
2142 1701 2279 1751 tum

395 1814 610 1883 esset,
650 1817 990 1886 postquam
1046 1801 1288 1871 artibus
1351 1817 1568 1870 essent
1635 1804 1869 1871 exculti
1925 1803 2126 1872 satist
2164 1803 2279 1871 illa

396 1932 527 1993 erat
562 1966 586 2001 ,
663 1939 824 2002 quae
898 1921 1395 1988 accuratioribus
1467 1921 1805 1990 tractandis
1872 1919 2231 2006 disciplinis
2251 1968 2277 2005 ‚

397 2035 789 2119 maximeque
869 2037 1224 2107 dialecticae
1309 2040 1527 2106 studio
1615 2038 2056 2107 conficeretur.
2172 2040 2279 2109 Ad

397 2152 556 2227 hanc
595 2169 804 2222 autem
843 2155 1314 2223 describendam
1357 2156 1631 2238 ipsarum
1682 2157 2118 2241 requirebatur
2151 2157 2281 2222 diss

396 2269 767 2355 ciplinarum
815 2272 1158 2356 diligentia.
1260 2273 1386 2339 Sed
1446 2272 1735 2355 quamvis
1800 2273 2086 2343 diversae
2149 2273 2277 2340 sint

395 2387 567 2471 apud
597 2389 917 2456 Platonem
962 2391 1038 2456 de
1081 2393 1353 2473 utraque
1395 2391 1536 2457 idea
1585 2390 2074 2476 disceptationes
2098 2438 2121 2470 ‚
2167 2410 2280 2474 par

394 2522 494 2579 &st
561 2507 629 2574 in
684 2509 1017 2592 utrisque,
1083 2524 1156 2575 ut
1220 2509 1629 2590 monuimus,
1688 2499 2067 2575 sublimitas.
2171 2507 2280 2574 Ad

394 2624 552 2699 iilud
589 2626 758 2695 enim
799 2624 1157 2692 referuntur
1185 2631 1473 2710 pariter,
1523 2628 1699 2711 quod
1742 2628 1805 2694 in
1860 2628 2035 2694 omni
2068 2628 2280 2712 philo·

396 2743 634 2826 sophia.
685 2764 1000 2811 summum
1062 2746 1456 2826 maximeque
1510 2745 1780 2812 sublime
1817 2760 1915 2811 est
1942 2792 1964 2826 ,
2002 2760 2083 2811 ut
2120 2744 2282 2810 veri-

395 2875 583 2928 tatem
630 2880 1063 2946 assequamur.
1113 2862 1269 2929 ·Per
1328 2879 1493 2928 artes
1542 2862 1708 2944 apud
1767 2879 1911 2927 eum
1972 2862 2167 2926 homo
2201 2859 2279 2927 ad

389 2964 988 3062 'pulcri‘scientiam
1051 2979 1380 3059 educitur,
1450 2979 1563 3044 sed
1618 2997 1697 3043 eo
1747 2979 1872 3043 hoc
1932 2978 2138 3058 valet,
2205 2992 2279 3044 ut

396 3097 600 3183 pulcri
667 3115 880 3163 amore
959 3111 1184 3181 captus
1248 3098 1719 3178 incensusque,
1781 3095 2003 3165 eodem
2059 3096 2280 3162 ardore

398 3229 668 3281 caeteras
726 3213 940 3295 ideas,
1001 3228 1065 3281 et
1126 3228 1250 3280 nna
1319 3233 1464 3279 cum
1530 3213 1654 3294 iis,
1716 3214 1893 3294 quod
1945 3211 2278 3279 continent

398 3348 657 3412 omnes,
700 3348 918 3399 verum
937 3330 1349 3413 assequatur:
1397 3329 1749 3415 disciplinis
1781 3343 1987 3395 autem
2026 3330 2151 3396 hoc
2177 3329 2278 3413 ip.

400 3467 540 3519 sum
566 3464 797 3514 munus
817 3447 1295 3535 tribuit—Plato,
1342 3463 1415 3515 ut
1453 3451 1537 3515 ad
1571 3467 1788 3514 verum
1813 3493 1832 3528 ,
1881 3446 2010 3513 imo
2034 3493 2061 3528 ‚
2104 3446 2281 3528 quod

397 3563 734 3638 maximum
780 3583 919 3631 esse
974 3568 1238 3651 μάθημα
1297 3566 1360 3632 in
1402 3566 1539 3633 veri
1579 3565 1911 3649 disciplina
1957 3565 2155 3648 dixit,
2198 3566 2281 3633 ad

395 3684 618 3750 bonum
656 3700 780 3748 nos
823 3681 1150 3749 ducerent.
1222 3684 1465 3749 Verum
1509 3683 1861 3751 sublimitas
1900 3683 2278 3768 disputatio-

395 3801 497 3875 nis
535 3799 891 3868 Platonicae
921 3801 1004 3868 de
1038 3801 1161 3866 hoc
1202 3818 1575 3887 argumento
1612 3803 1703 3869 -ab
1754 3801 2088 3888 imaginum
2143 3819 2283 3866 non

398 3930 638 3989 tantum
687 3918 1072 4001 splendore,
1139 3919 1251 3985 sed
1309 3922 1513 3987 multo
1571 3920 1754 3987 etiam
1814 3921 2013 4006 magis
2061 3919 2138 4002 ab
2181 3919 2283 4002 ip«

403 4031 538 4096 sius
586 4033 906 4117 diligentia
947 4037 1278 4121 repetenda
1337 4055 1479 4145 est.
1550 4037 1908 4122 Explicatio
1967 4039 2117 4104 hacc
2172 4048 2279 4101 eoa

2140 4170 2277 4216 rum
