2900 4817
1059 521 1147 542 ...-
1195 494 1449 571 145...-

301 667 520 737 sertim
572 672 711 738 veri
765 684 1036 739 amorem
1062 714 1089 749 ‚
1174 669 1566 752 omninoque
1623 667 1801 753 quod
1866 671 2188 757 vocabam·

296 787 483 868 quasi
540 790 613 852 in
666 788 895 854 animis
957 786 1272 852 hominum
1344 783 1635 854 scribens.
1764 784 1841 854 Id
1895 787 2182 880 similiter

296 902 577 974 instituit
614 902 978 987 Xenophon
998 948 1025 984 ,
1093 921 1289 985 quum
1342 901 1688 971 scribendis
1745 905 2183 975 Memorabili-

295 1019 422 1086 bus
478 1019 758 1087 Socratis
820 1032 1130 1086 enarraret
1196 1038 1339 1086 cum
1385 1018 1576 1088 variis
1625 1019 1992 1089 homiuibus
2038 1015 2180 1089 col·'

292 1137 550 1219 loquiat
627 1150 695 1204 et
730 1136 874 1203 hinc
938 1136 1222 1221 inprimis
1278 1136 1448 1203 aurei
1500 1136 1695 1204 libelli
1749 1138 2127 1224 praestantia
2150 1159 2174 1207 t

291 1269 433 1319 nam
491 1252 583 1319 sic
632 1254 880 1320 demum
945 1269 1067 1320 nos
1121 1254 1187 1319 in
1232 1253 1494 1321 mediam
1551 1253 1829 1321 Socratis
1884 1255 2179 1357 philoso-

289 1369 504 1454 phiam
546 1371 761 1456 potuit
790 1371 1109 1439 inducere.
1197 1370 1268 1436 Si
1310 1385 1718 1461 memorasset
1746 1372 2027 1439 doctoris
2069 1374 2181 1440 sui

291 1487 522 1572 phcita
580 1488 946 1573 praecipua,
1008 1487 1178 1554 haud
1237 1490 1396 1553 male
1464 1485 1693 1553 fuisset
1753 1487 1832 1553 de
1888 1487 2181 1573 philoso-

292 1608 482 1692 phiae
542 1606 813 1673 historia
867 1605 1173 1671 meritust
1223 1604 1590 1671 haberemus
1646 1617 1815 1669 certe
1874 1622 2010 1688 quo
2053 1603 2185 1672 So·-

288 1723 484 1792 cratis
535 1722 717 1791 effata
775 1742 920 1789 cum
975 1736 1364 1789 caeterorum
1420 1719 1692 1788 decretis
1751 1719 2183 1807 philosopho-

291 1863 432 1912 rum
480 1858 1030 1926 compararemus3
1077 1839 1190 1906 sed
1247 1857 1521 1921 novam,
1565 1857 1752 1923 quam
1786 1837 1844 1905 is
1882 1838 2173 1923 induxit,
2265 1831 2271 1844 ’

292 1957 806 2046 philosophandi⁴
862 1957 1294 2043 arguendique
1321 1935 1336 1947 ⁸
1381 1956 1687 2022 rationem
1713 2002 1741 2039 ‚
1831 1957 1963 2041 qua
2043 1961 2181 2026 unt

291 2075 558 2143 maxime
581 2120 609 2156 ‚
686 2091 817 2139 non
878 2072 1126 2157 placitis
1206 2086 1316 2139 aut
1357 2070 1651 2155 2formula
1704 2071 2065 2156 doctrinae,
2106 2091 2171 2141 -e

286 2194 474 2260 coelo
531 2190 864 2257 devocavit
904 2189 1378 2275 philosophiam
1396 2236 1422 2272 ,
1465 2203 1528 2256 et
1580 2188 1649 2256 in
1685 2178 1879 2257 urbes
1915 2191 2177 2259 domos·

290 2329 421 2394 que
470 2305 718 2376 induxit
738 2354 762 2389 ‚
807 2320 869 2374 et
926 2306 1134 2389 coegit
1186 2306 1261 2373 de
1314 2305 1448 2374 vita
1487 2319 1552 2372 et
1606 2305 1892 2374 moribus
1937 2307 2122 2392 loqui
2140 2355 2170 2393 ,

289 2427 452 2495 hanc
490 2443 620 2492 non
664 2424 860 2510 magis
905 2444 983 2492 ex
1025 2423 1132 2491 tali
1165 2422 1546 2508 compendio
1585 2441 2117 2510 cognosceremus
2143 2471 2169 2509 ‚

290 2561 479 2628 quam
536 2559 706 2608 nunc
760 2540 1208 2626 cognoscimus
1274 2559 1353 2606 ex
1410 2540 1712 2609 historiae
1770 2542 2177 2632 philosophi-

293 2680 405 2727 cae
479 2658 923 2742 scriptoribus.
1029 2651 1391 2741 Xenophon
1456 2677 1611 2725 vero
1675 2678 1791 2743 per
1845 2678 2170 2730 sermones

293 2777 443 2846 illos
507 2776 717 2861 ipsum
780 2774 970 2841 nobis
1033 2773 1352 2840 Socratem
1419 2775 1602 2857 quasi
1665 2775 1985 2844 viventem
2042 2780 2177 2865 spi-

293 2908 663 2977 rantemque
703 2891 1043 2976 proposuit
1102 2905 1164 2956 et
1202 2908 1432 2957 novam
1462 2890 1631 2958 illam
1673 2891 1975 2961 rationem
2033 2914 2168 2964 non

292 3026 708 3098 exponentem
778 3008 1098 3077 subtiliter
1125 3057 1149 3090 ,
1215 3009 1327 3076 sed
1392 3010 1750 3093 quaerendo
1771 3057 1798 3093 ,
1853 3026 1929 3079 ut
2003 3016 2181 3096 sole·

292 3131 401 3198 bat
426 3177 452 3213 ‚
496 3127 815 3214 arguendo
842 3173 868 3208 ,
925 3127 1249 3194 monendo
1273 3173 1300 3210 ,
1367 3126 1682 3195 hortando
1737 3143 2185 3215 usurpantem.

295 3247 405 3317 Sic
454 3248 604 3312 item
666 3247 894 3326 Plato;
961 3245 1078 3312 sed
1142 3245 1246 3310 hic
1307 3265 1451 3313 cum
1525 3245 1804 3313 Socratis
1857 3249 2180 3331 colloquia

296 3382 431 3433 non
473 3364 745 3430 traderet
807 3376 1053 3429 tantum
1106 3363 1441 3430 scribendo
1469 3411 1493 3445 ‚
1540 3365 1651 3431 sed
1670 3410 1697 3447 ,
1740 3378 1817 3432 ut
1856 3365 2179 3465 dramatici

297 3481 590 3552 soleinnt
648 3484 872 3563 poetae
894 3524 922 3561 ‚
983 3478 1365 3547 dramatibus
1427 3481 1845 3565 exprimeret,
1930 3483 2181 3567 plenius

296 3600 489 3671 nobis
531 3612 597 3666 et
655 3596 977 3664 Socratem
1019 3607 1085 3663 et
1143 3596 1497 3665 Socraticae
1557 3597 2002 3683 philosophiae
2045 3600 2179 3671 vim

299 3735 368 3789 et
402 3715 751 3787 'ubertatem
795 3713 1324 3799 repraesentavit:
1371 3716 1665 3799 idemque
1704 3734 1849 3782 cum
1895 3716 2017 3784 sub
2063 3718 2191 3786 So·

297 3835 489 3904 cratis
539 3851 810 3918 persona
882 3851 1057 3900 suam
1117 3831 1260 3916 ipse
1312 3831 1784 3916 philosophiam
1826 3853 2007 3906 ,cum
2060 3836 2189 3903 lec-

306 3952 559 4021 toribus
630 3949 1096 4019 communicare
1178 3949 1464 4017 studeret
1488 3996 1515 4033 ,
1599 3947 1741 4033 ipse
1817 3952 2186 4034 loqueretur

304 4070 464 4140 adeo
529 4086 673 4134 cum
731 4067 938 4134 omnis
994 4065 1241 4153 generis
1314 4064 1731 4150 hominibus,
1806 4085 2002 4151 quum
2069 4067 2195 4158 So·-

1256 4182 1318 4251 K
2056 4200 2191 4252 cra·
