2900 4817
1021 440 1367 515 ...73-

251 600 394 682 t'iae'
424 601 861 699 philosophati
910 624 1062 681 sunt
1087 602 1386 680 'homines
1410 661 1434 695 ‚
1481 602 1699 698 patet}
1744 604 2136 702 cognoscent-⁵

249 733 316 797 di
387 750 500 798 eos
550 735 773 800 caussa
833 732 1153 800 scientiam
1219 746 1597 815 prosecutos
1661 733 1778 799 (τ).
1864 736 1983 802 ,Εῑ
2042 737 2135 802 sio
2212 758 2216 762 *

255 848 509 932 quidem
556 849 814 934 'peperit
860 849 1337 934 philosophiam
1400 848 1752 916 admiratiO.
1843 853 1938 920 Ut
1979 871 2134 920 vero

255 967 322 1035 in
391 968 566 1034 omni
641 965 1092 1050 disquisitione
1157 965 1219 1031 id
1291 965 1480 1032 nobis
1568 982 1911 1035 extremum
1988 982 2136 1050 est,

260 1085 435 1169 quod
493 1084 700 1169 ipsius
755 1096 854 1148 est
888 1082 1085 1149 initiis
1121 1084 1554 1164 contrarium,
1602 1086 1688 1152 ita
1732 1089 2139 1172 philosophia

256 1201 446 1271 efficit
467 1249 493 1285 ,
536 1214 612 1268 ut
656 1218 736 1266 ne
760 1199 917 1283 quid
951 1199 1285 1267 miremurz
1335 1202 1512 1281 quod
1545 1220 1902 1271 caussarum
1936 1206 2143 1274 scien-

260 1322 386 1388 tiae
429 1318 755 1389 debemus.
846 1317 923 1384 In
971 1314 1300 1401 physicis,
1343 1336 1462 1383 cur
1523 1321 1627 1384 sol
1680 1334 2088 1389 convertatur
2110 1371 2135 1406 ,

259 1439 328 1506 in
388 1435 891 1517 mathematicis,
946 1454 1062 1501 cur
1119 1435 1326 1500 metiri
1386 1435 1754 1502 diametrum
1806 1454 1938 1504 non
1986 1454 2146 1522 ‘pos-

262 1554 511 1637 simus,
589 1554 964 1620 admiramur
1021 1552 1380 1635 continu03
1447 1556 1773 1637 explorata
1838 1569 2046 1622 autem
2108 1575 2147 1625 e

262 1670 430 1738 coeli
491 1684 554 1737 et
584 1653 833 1736 ‘circuli
899 1670 1144 1736 ratione
1188 1670 1528 1753 utriusque
1585 1670 1677 1736 rei
1720 1676 1945 1739 caussa
1969 1718 1997 1754 ,
2046 1664 2145 1741 ⁴nil

262 1788 705 1856 admiraremur
767 1787 960 1872 magis
987 1834 1012 1867 ,
1083 1805 1267 1869 quam
1292 1834 1317 1869 ,
1383 1787 1441 1854 si
1501 1806 1618 1854 nec
1664 1802 2144 1857 converteretur

265 1908 371 1972 sol
424 1919 488 1972 et
546 1905 751 1972 metiri
831 1905 1198 1971 diametrum
1280 1924 1646 1990 possemus.
1736 1907 2016 1974 wPariter
2079 1906 2149 1974 in

172 2105 184 2117 ⁸
266 2024 457 2091 rebus
513 2023 799 2090 ludicris.
885 2023 1369 2108 Imagunculas‚
1418 2042 1580 2106 quae
1615 2038 1850 2107 sponte
1885 2042 2150 2093 moven⁴

267 2154 418 2225 tur,
460 2155 753 2226 spectans
812 2141 1044 2225 vulgus
1090 2140 1534 2221 obstupescit:
1583 2156 1714 2205 non
1758 2139 1845 2205 ita
1885 2141 1985 2221 is,
2031 2145 2147 2224 qui

269 2274 561 2346 motuum
634 2276 914 2323 caussas·
961 2274 1040 2322 ex
1106 2271 1238 2322 arte
1308 2255 1664 2323 mechanica
1744 2268 1954 2322 tenett
2041 2258 2151 2323 hic

267 2389 487 2443 contra
512 2423 535 2458 ‚
579 2375 638 2441 si
695 2392 825 2440 non
870 2373 1471 2441 moverentuffillae
1528 2386 1803 2455 sponte,
1849 2389 1984 2439 tum
2041 2376 2150 2442 de-

269 2512 441 2561 mum
500 2492 904 2559 admiraretur
948 2508 1011 2557 et
1064 2491 1571 2575 ohstupesceret.
1658 2490 1763 2557 Ex
1807 2488 1921 2557 h'ac
1966 2493 2148 2559 Aris·

269 2609 488 2676 tutelis
557 2610 1030 2693 disputatione,
1115 2628 1250 2691 quo
1325 2609 1530 2675 valeat
1581 2607 1712 2675 illa
1783 2628 2146 2702 caussarum

272 2725 574 2808 scientia,
639 2725 1037 2810 intelligitur.
1152 2726 1354 2791 Stoici
1396 2727 1543 2793 inde
1587 2728 2148 2823 celebratissimum

274 2844 436 2910 illud
493 2844 596 2909 nil
624 2841 952 2911 admirari
997 2843 1357 2911 duxerunt}
1403 2842 1577 2911 u‘nde
1611 2842 1960 2915 Horatius:

360 3078 493 3145 Nn
526 3076 855 3146 admirari
866 3124 891 3160 ‚
927 3095 1125 3166 prope
1166 3099 1267 3145 ros
1308 3093 1400 3145 est
1440 3100 1574 3145 una
1588 3127 1614 3160 ‚
1657 3079 1960 3164 Numici,

360 3192 630 3281 Solaque
659 3218 822 3285 quae
850 3200 1046 3285 possit
1063 3198 1292 3283 facere
1327 3212 1386 3262 ot
1427 3216 1686 3265 servare
1717 3194 1967 3267 beatum
1986 3201 2102 3270 (α).

276 3429 393 3498 sed
434 3429 505 3496 hi
542 3429 701 3497 illud
742 3429 830 3496 ad
862 3431 1034 3498 vitae
1084 3431 1476 3517 virtutisque
1521 3435 1937 3501 constantiam
1983 3452 2154 3506 retu·

271 3552 524 3630 lerunt3
613 3546 996 3613 Aristoteles
1065 3567 1215 3615 vero
1289 3550 1492 3632 ipsam
1573 3542 1760 3633 plane
1832 3570 2153 3638 spectasse

274 3666 400 3734 Dei
446 3663 815 3750 sapientiam
860 3664 1216 3731 censendus
1260 3683 1385 3734 est.

367 3784 662 3861 Summae
717 3781 1011 3867 Profecto
1074 3799 1175 3850 est
1237 3800 1303 3851 et
1352 3785 1597 3861 divinae
1652 3789 1808 3861 adeo
1868 3793 2154 3861 sublimi-

2064 3926 2155 3979 ta.

355 4023 439 4094 (ι)
473 4021 718 4096 Metnph.
756 4025 805 4081 1.
838 4025 893 4080 6.
967 4026 1050 4098 (2)
1089 4028 1284 4092 Horat·
1321 4029 1425 4102 Ep.
1464 4033 1511 4088 1.
1546 4033 1606 4089 6.
1634 4052 1682 4088 ι.
1740 4066 1747 4075 -
