2900 4817
1111 481 1368 544 -.-,1·17
1413 496 1506 516 ...-

374 648 658 718 Platonis
695 646 1047 745 doctrinam
1116 645 1391 712 vidimus
1414 666 1436 711 t
1507 646 1783 713 hominis
1815 647 2079 715 omnino
2122 650 2243 717 hn-

374 782 821 847 manarumque
840 779 1044 829 rerum
1086 762 1624 849 provehendarum
1659 770 1880 832 caussa
1902 742 2234 855 'veritatem

374 877 626 974 assequi
675 909 818 958 cum
864 890 1123 955 Platone
1163 887 1550 954 studuimus,
1643 888 1766 954 Sed
1822 890 2046 956 dehoc
2094 874 2241 974 ips‘o

372 1008 776 1091 quaerimuS,
880 1005 944 1071 in
1005 1023 1133 1088 quo
1211 1005 1448 1070 tamdiu
1496 994 1627 1089 jam'
1691 1005 1914 1070 versati
1972 1024 2238 1086 sumus,

372 1124 597 1191 mundo
667 1127 845 1208 νοητῷ
869 1168 893 1203 ,
974 1121 1125 1204 quid
1185 1122 1440 1204 proprie
1502 1122 1670 1204 apud
1734 1120 2056 1189 Platonem
2120 1121 2233 1188 sit.

371 1240 645 1313 Namin
708 1240 973 1307 eundem
1020 1257 1135 1303 nos
1178 1238 1478 1304 mundum
1525 1252 1587 1304 et
1626 1239 2004 1307 Aristoteles
2043 1240 2239 1307 duxit

376 1371 441 1422 et
508 1370 827 1439 quotquot
890 1352 1260 1439 philosophi
1326 1370 1450 1417 rem
1516 1373 1552 1419 a
1605 1353 1861 1437 specie,
1928 1372 2142 1421 verum
2202 1374 2238 1419 a

374 1471 537 1538 falso
605 1474 988 1556 distinguere
1049 1490 1169 1537 nos
1231 1470 1627 1537 docuerunt:
1699 1477 2017 1550 quotquot
2088 1469 2267 1538 item.

375 1590 725 1657 recentiore
782 1606 935 1654 aevo
982 1586 1059 1653 de
1100 1585 1465 1665 subnantiis
1486 1630 1508 1663 ,
1577 1584 1655 1649 de
1712 1582 2072 1651 monadibus
2097 1630 2121 1665 ,
2160 1583 2267 1651 de.

374 1710 692 1791 esseact‘t's,
758 1719 1082 1789 quotquot
1140 1702 1385 1768 tandem
1447 1701 1527 1765 de
1586 1699 1743 1782 ipsis
1807 1703 2125 1783 νρουμένοις
2174 1716 2241 1767 et

376 1826 750 1910 φαινομένοις
813 1833 1116 1906 egerunt}
1204 1836 1319 1883 nec
1383 1834 1589 1883 tamen
1671 1817 1899 1881 horum
1958 1817 2267 1885 omnium.

379 1939 786 2026 philosophia
814 1982 838 2019 ‚
883 1936 1171 2020 quamvis
1215 1934 1500 2003 videatur
1549 1932 1904 2001 Platonicae
1971 1934 2236 2015 similis,

375 2059 674 2131 convenit
711 2075 853 2121 cum
913 2054 1058 2132 illa,
1105 2053 1230 2118 imo
1274 2054 1462 2136 longe
1514 2070 1548 2115 a
1590 2050 1914 2115 Platonico
1957 2051 2270 2132 philoso-.

375 2174 608 2259 phandi
653 2169 989 2255 proposito
1032 2169 1288 2235 recedit.
1374 2166 1844 2250 Quamobrem,
1890 2166 2012 2232 nisi
2049 2167 2194 2248 quis
2218 2214 2268 2248 ‚.

309 2318 319 2330 ·
379 2289 591 2355 missis
654 2287 834 2370 plane
891 2284 1133 2369 placitis
1199 2283 1298 2347 his
1345 2281 1708 2350 recentioris
1747 2279 2190 2367 philosophiae
2218 2331 2243 2362 ,

379 2404 625 2489 integro
668 2403 875 2471 animo
938 2403 1016 2467 de
1055 2402 1316 2468 Platone
1363 2398 1642 2484 judicare
1690 2398 2044 2480 studuerit,
2092 2400 2251 2483 quid

381 2522 549 2606 apud
591 2540 732 2589 eum
797 2519 1070 2587 mundus
1117 2523 1311 2596 νοητὸς
1372 2517 1497 2597 sit,
1549 2516 1899 2601 intelligere
1940 2535 2072 2583 non
2125 2536 2245 2605 po-

381 2641 556 2706 terit.
641 2640 792 2724 Quo
831 2656 981 2703 vero
1030 2637 1094 2702 id
1136 2635 1364 2701 rectius
1408 2636 1951 2717 perspexerimus,
1996 2653 2082 2701 eo
2114 2637 2246 2717 plc-

382 2758 527 2823 nius
570 2774 713 2821 cum
773 2754 889 2821 alia
933 2755 1126 2821 multa
1185 2769 1591 2833 assequemur
1617 2796 1639 2829 ,
1685 2764 1818 2817 tum
1861 2751 2044 2818 etiam
2090 2752 2249 2834 quid

382 2872 548 2937 illud
604 2871 735 2950 sit,
799 2869 973 2952 quod
1038 2869 1104 2934 in
1152 2867 1332 2943 omni.
1385 2866 1499 2929 hac
1556 2866 1985 2948 disputatione
2024 2868 2248 2934 identi-

383 2990 525 3057 dem
578 3002 640 3054 et
704 2988 953 3070 saepius
1009 3003 1130 3050 nos
1182 2984 1425 3049 monuit
1478 2983 1953 3066 philosophus,
1993 3004 2249 3052 convcr-
2350 2996 2357 3005 ’

386 3110 443 3173 u·
499 3124 619 3172 nos
676 3118 886 3171 mente
936 3105 1278 3184 animoque
1325 3116 1503 3166 totos
1563 3101 1640 3167 ad
1700 3100 2018 3189 veritatem
2060 3082 2252 3171 debe·

387 3239 480 3289 re.
567 3220 752 3304 Opus
796 3219 989 3305 igitur
1035 3218 1242 3283 denuo
1293 3214 1485 3280 nobis
1538 3214 1929 3281 discernendi
1987 3213 2254 3299 diligen·

385 3338 478 3405 tia
531 3338 690 3417 erit,
751 3335 1162 3416 fructumque
1231 3352 1310 3400 ex
1359 3333 1472 3398 hac
1506 3334 1699 3401 *nova
1738 3330 2250 3414 disquisitione,

385 3454 445 3521 si
491 3454 645 3537 quid
701 3453 887 3519 video
915 3500 938 3533 ‚
1000 3452 1166 3517 hunc
1226 3469 1444 3515 sumus
1506 3446 1791 3531 capturi,
1856 3462 1975 3529 ut,
2033 3450 2253 3532 prouti

383 3572 685 3638 hactenus
740 3567 1022 3643 admirati
1068 3566 1515 3633 sublimitatem
1559 3564 1913 3631 Platonicae
1965 3563 2291 3657 philoso·.

383 3688 570 3773 phiae
623 3705 843 3753 sumus
868 3732 889 3765 ‚
936 3685 1022 3750 ita
1055 3696 1232 3750 'nunc
1276 3683 1555 3767 ejusdem
1602 3674 2066 3770 simplicitatem
2089 3731 2111 3763 ,
2144 3684 2246 3750 .si·
2282 3716 2291 3722 ·

377 3821 459 3871 ne
499 3822 622 3886 qua
677 3820 820 3871 vera
880 3799 1231 3869 sublimitas
1291 3799 1465 3866 nulla
1503 3813 1643 3881 est,
1702 3814 2120 3884 agnoscamus
2182 3818 2288 3867 et.

390 3937 688 3989 amemus.

1996 4144 2001 4151 .
2071 4179 2267 4246 Dis·
