2900 4817
990 491 993 500 .
1126 470 1474 538 ·—-¹³·-

344 633 573 699 oculos
609 635 930 718 repletos,
974 633 1147 701 nihil·
1172 653 1437 719 eorum,
1481 651 1645 720 quae
1697 652 1884 704 nunc.
1925 633 2221 704 dicuntur

345 767 493 817 vera
515 797 542 832 ‚
608 765 1098 835 conspecturum
1121 752 1158 822 ἲ
1229 787 1332 807 -ν
1380 753 1803 838 Nequaquam
1860 754 1967 823 ille
2023 771 2221 836 sane,

344 868 655 938 continuo
693 869 972 952 quidem.
1017 905 1110 925 —
1148 869 1640 939 consuetudine
1659 916 1686 951 ,
1729 868 2002 953 opinor,·
2063 886 2223 935 nsu-

348 1005 477 1072 que
526 1001 699 1054 esset
755 1005 920 1072 opus
946 1035 969 1070 ,
1002 1003 1089 1054 ut
1144 987 1473 1072 superiora
1521 988 1628 1055 illa
1669 986 2043 1072 adspiceret.
2129 985 2225 1053 Et

347 1103 618 1189 primum
663 1104 917 1188 quidem
962 1105 1214 1172 umbras
1254 1107 1652 1192 conspiceret
1688 1104 1987 1171 facillime
2007 1103 2230 1188 ,dein-

349 1219 431 1286 de
481 1220 807 1288 hominum
880 1237 1400 1307 caeterorumque
1478 1223 1547 1289 in
1611 1222 1795 1306 aquis
1850 1222 2178 1290 simulacra
2197 1241 2222 1289 ε

349 1348 485 1404 tum
552 1355 708 1406 vero
765 1338 925 1423 ipsa.
1008 1333 1181 1406 Hinc
1238 1354 1449 1408 autem
1504 1357 1602 1405 res
1632 1385 1658 1420 ‚
1718 1335 1882 1423 quae
1938 1338 2006 1405 in
2042 1339 2226 1406 coelo

346 1468 546 1539 sunt,
601 1455 946 1540 ipsumque
995 1458 1244 1524 coelum
1265 1504 1291 1537 ‚
1334 1469 1534 1525 noctu
1568 1453 1852 1536 facilius,
1912 1469 2229 1525 astrorum

350 1572 664 1654 muneque
717 1574 931 1640 lumen
989 1572 1342 1658 adspiciens
1405 1565 1975 1659 contemplabitur,
2037 1585 2227 1656 quam
2281 1593 2300 1612 κ

350 1689 620 1762 interdiu
643 1735 668 1772 ‚
714 1693 912 1757 solem
964 1691 1235 1776 ejusque
1289 1692 1501 1758 iumen
1562 1691 1844 1758 intuens.
1887 1723 1980 1743 —
2021 1688 2231 1778 Quid·

348 1807 416 1875 ni
441 1808 477 1875 ἲ
516 1844 613 1863 -
650 1809 982 1877 Postremo
1014 1822 1228 1876 autem
1269 1809 1476 1876 solem
1510 1823 1641 1875 non
1681 1808 1749 1875 in
1790 1807 1974 1891 aquis
2004 1820 2118 1875 aut
2159 1803 2230 1875 in

348 1923 548 1991 aliena
610 1927 873 2008 quadam
934 1925 1191 2011 regione
1244 1926 1385 2012 ejus
1440 1925 1792 2012 imagines,
1823 1927 1990 1994 -sed.
2015 1925 2230 2013 ipsum

349 2057 464 2125 per
499 2059 573 2108 ae
632 2041 697 2108 in
737 2041 939 2127 ipsius
990 2041 1248 2128 regione
1283 2061 1608 2127 ·cernere,
1665 2053 1774 2127 et‘,
1838 2044 2042 2130 qualis
2092 2044 2226 2130 sit,

344 2159 760 2243 contemplari
796 2160 1058 2242 poterit.
1102 2194 1199 2216 ·—-
1258 2161 1547 2228 Necesse
1598 2176 1722 2228 est.
1767 2196 1861 2216 -
1902 2160 2075 2229 Tum
2113 2181 2230 2232 ve-

351 2292 429 2340 ro
475 2277 724 2343 demum
788 2276 1137 2361 reputando
1197 2289 1586 2362 cognoscet,
1650 2277 1820 2344 hunc
1875 2295 2060 2361 esse,
2112 2280 2230 2364 qui

350 2406 418 2459 et
461 2405 890 2491 ,tempestates
965 2393 1113 2460 anni
1177 2392 1367 2460 nobis
1444 2381 1779 2480 annosc'1ue
1835 2394 2093 2480 praebet
2166 2408 2234 2465 et

349 2510 560 2577 omnia
593 2510 659 2576 in
700 2510 1104 2596 adspectabili
1149 2512 1389 2579 mundo
1440 2510 1641 2596 regit,
1701 2531 2052 2597 eorumque
2093 2527 2234 2581 tan·

350 2640 487 2695 tum
529 2647 659 2694 non
705 2608 1026 2712 omnium,
1069 2649 1231 2713 quae
1278 2625 1425 2698 ante'
1471 2629 1561 2696 illi
1623 2630 1906 2699 viderant
1930 2681 1955 2715 ,
1999 2646 2224 2702 auctor

351 2761 476 2813 est.
521 2777 615 2797 -
654 2744 1068 2812 Manifestum
1108 2760 1209 2812 est
1232 2792 1258 2829 ,
1299 2748 1376 2814 ad
1417 2747 1568 2815 haec
1606 2761 1751 2815 eum
1792 2749 1871 2816 ab
1914 2749 2039 2817 illis
2079 2767 2230 2834 pro-

350 2879 856 2949 gressurum.-
894 2862 1071 2949 Quid
1102 2862 1320 2931 vero?
1361 2862 1434 2931 si
1471 2879 1622 2931 tunc
1662 2879 1727 2931 et
1763 2865 2001 2948 primae
2042 2867 2231 2933 istius

352 2980 759 3049 habitationis
817 2993 882 3048 et
929 2980 1308 3065 sapientiae,
1352 2995 1517 3064 quae
1575 2981 1702 3049 iuis:
1755 2980 2114 3065 ferebatur,
2164 2995 2232 3052 et

351 3099 678 3180 hominum
699 3147 725 3181 ‚
792 3075 1173 3182 quibuscum
1228 3098 1294 3165 in
1360 3098 1639 3165 vinculis
1681 3099 1968 3182 vixerat,
2027 3117 2238 3167 recor-

208 3254 216 3262 ·
352 3215 576 3296 detur,
638 3234 852 3284 nonne
910 3230 1111 3284 semet
1164 3215 1375 3300 ipsum
1427 3230 1618 3301 putas
1686 3216 1939 3285 beatum
1990 3217 2234 3300 praedi·

340 3347 641 3397 -caturum
669 3378 693 3412 ‚
753 3333 900 3399 illos
959 3351 1116 3400 vero
1169 3333 1660 3402 miseraturum?
1693 3362 1793 3381 -
1834 3334 1927 3402 Et
1967 3335 2237 3405 maxime

354 3449 637 3532 quidem.
681 3483 774 3501 -
812 3448 1135 3515 Praeterea
1155 3496 1182 3530 ,
1243 3449 1300 3516 si
1358 3469 1528 3533 quos
1579 3450 1856 3517 honores
1911 3448 2038 3517 iuic
2071 3450 2237 3521 invi·

352 3585 492 3636 cem
536 3581 603 3632 et
644 3566 857 3633 laudes
901 3578 968 3632 et
1000 3565 1271 3650 praemia
1306 3566 1677 3633 tribuissent
1719 3564 1777 3631 ei
1799 3613 1824 3647 ,
1868 3567 1980 3650 qui
2033 3581 2237 3637 trans·

356 3682 572 3754 euntia
601 3701 893 3766 quaeque
931 3681 1291 3750 acutissime
1326 3681 1531 3749 fuerat
1569 3683 1971 3765 conspicatus
1995 3730 2019 3766 ,
2040 3685 2237 3754 maxi·
2313 3719 2322 3728 ·

348 3820 587 3886 meque
635 3814 922 3869 tenuerat
974 3801 1313 3884 maneria,
1377 3799 1543 3882 quae
1592 3800 1816 3886 prius,
1878 3817 2044 3887 quae
2079 3820 2235 3887 pos-

356 3918 554 3984 terius
573 3963 599 4000 ,
660 3936 822 4001 quae
858 3917 1048 3986 simul
1092 3919 1369 3986 solerent
1412 3918 1751 4003 praeterire
1803 3933 1871 3987 et
1923 3919 2071 3987 hine
2110 3938 2234 4004 po·

357 4036 561 4092 toerat
611 4024 853 4109 optime
901 4022 1241 4109 augurari,
1309 4024 1466 4110 quid
1516 4026 1643 4112 iam
1700 4028 1829 4114 jam
1899 4040 2070 4096 esset
2126 4027 2236 4094 ad-

2039 4143 2233 4209 'ven-
