2900 4817
1391 411 1746 475 -38—

636 613 778 681 ‚que
829 611 996 678 quae
1037 611 1131 660 ‘ex
1168 590 1573 674 Anaxagorae
1628 587 2031 672 philosophia
2066 587 2516 654 manavit-elo·

652 714 907 796 quentia
929 760 953 794 ‚
995 709 1090 775 ad·
1121 705 1274 773 artis
1338 703 1599 771 formam
1650 704 2156 789 diligentiamque
2195 705 2273 771 ab
2329 706 2525 774 Anti·

655 831 898 915 phonte
951 826 1160 893 adacta
1221 837 1358 904 est,
1418 820 1814 905 Thucydidis
1876 835 2324 905 praeceptore,
2410 821 2519 888 cui

657 959 872 1028 gratus
912 941 1259 1025 discipulus
1322 938 1562 1006 debitas
1599 938 1815 1005 laudes
1860 939 2118 1004 retulit:
2173 945 2513 1026 Ἀντιφῶν,

667 1063 755 1127 ait
777 1107 802 1142 ,
845 1065 989 1145 ἀνὴρ
1038 1062 1356 1142 Ἀθηναίων
1396 1067 1510 1127 ’τῶν
1548 1061 1677 1127 καθ’
1716 1055 1926 1126 §duran
1972 1061 2153 1140 ἀρετῇ
2189 1083 2261 1124 τε
2298 1060 2522 1130 offam,-

665 1179 864 1263 ὕςερος
885 1221 912 1257 ι,
953 1179 1055 1247 καὶ
1107 1178 1382 1260 κροὶτιςος
1431 1178 1811 1257 ἐνθυμηθῆναι
1866 1176 2175 1256 γενόμενος
2224 1174 2325 1241 καὶ
2362 1170 2408 1243 ἃ
2447 1174 2526 1243 ἂν

667 1296 834 1377 γνοίη
884 1296 1069 1364 εἰπεῖν
1111 1289 1171 1333 ‘¹’
1285 1287 1556 1356 Exstitit
1613 1288 1897 1354 similiter
1943 1287 2218 1354 Platonis
2288 1299 2524 1369 aetate,

663 1409 891 1492 quiex
955 1426 1173 1487 ιιονο,
1238 1406 1413 1488 quod
1468 1405 1793 1488 sophistae
1850 1421 2264 1490 pepererant,
2306 1404 2519 1488 philo-

666 1526 981 1611 sophandi
1040 1544 1268 1612 genere
1321 1542 1549 1590 novam
1598 1520 1843 1589 dicendi
1894 1522 2194 1589 rationem
2233 1520 2535 1589 informa·
2646 1553 2654 1564 ·

669 1621 813 1728 ret,
877 1644 1182 1710 Isocrates
1211 1688 1234 1724 ,
1313 1640 1594 1726 Gorgiae
1652 1639 2001 1723 discipulus
2072 1639 2181 1704 <²³2
2265 1657 2529 1724 magnus
2592 1645 2603 1654 '

672 1760 826 1828 item
872 1771 1084 1825 orator
1102 1804 1128 1840 ‚
1173 1756 1452 1823 omnium
1495 1775 1692 1839 vere,
1739 1755 1850 1840 qui
1892 1770 2084 1822 artem
2140 1756 2539 1838 eloquentiae

678 1889 1017 1942 tractarunt
1040 1921 1066 1957 ,
1109 1875 1299 1959 longe
1333 1874 1631 1959 princeps
1656 1880 1735 1940 ⁴et
1773 1872 2237 1940 celeberrimus.
2326 1872 2536 1958 Hujus

677 1992 801 2060 viri
851 2010 1038 2076 quam
1081 1993 1205 2057 late
1257 1990 1527 2074 patuerit
1577 1990 1677 2056 vis
1714 1989 1783 2058 in
1838 2007 2025 2056 omne
2080 1990 2393 2057 literarum
2433 2008 2539 2075 ge·

570 2139 582 2148 ,
678 2128 801 2177 nus
826 2154 852 2189 ,
914 2126 952 2174 e
1013 2107 1325 2177 Cicerone
1378 2107 1774 2194 intelligitur.
1881 2108 2053 2175 Ecce
2105 2108 2226 2174 tibi
2282 2121 2536 2175 exortus

682 2241 821 2310 ast,
886 2224 1018 2308 ait,
1085 2225 1437 2307 Isocrates,
1501 2227 1686 2309 qu'us
1750 2242 1790 2292 e
1841 2225 2034 2307 ludo,
2098 2239 2408 2309 tamquam
2463 2243 2543 2293 ex

681 2361 858 2426 equo*
893 2343 1175 2428 Trojano
1196 2388 1221 2424 ‚
1262 2343 1417 2409 meri
1457 2342 1775 2426 principes
1812 2335 2142 2425 exierunt}
2189 2344 2302 2418 sed
2322 2361 2541 2410 eorum

687 2460 916 2545 partim
959 2460 1025 2525 in
1079 2477 1313 2544 pompa
1338 2506 1362 2540 ‚
1406 2458 1631 2542 partim
1665 2460 1730 2525 in
1774 2461 1903 2528 acie
1941 2461 2214 2544 illustres
2250 2479 2392 2528 esse
2430 2481 2550 2537 vo-

690 2579 974 2644 luerunt.
1104 2576 1324 2660 Itaque
1381 2592 1444 2643 et
1500 2576 1592 2643 illi
1617 2623 1640 2657 ,
1721 2576 2173 2662 Theopompi,
2249 2577 2493 2659 Ephori
2521 2625 2550 2661 ‚

689 2693 941 2764 Philisti
966 2741 992 2776 ,
1034 2694 1384 2761 Naucratae
1421 2694 1733 2777 multique
1780 2693 1887 2760 alii
1927 2700 2147 2764 natura
2215 2695 2551 2764 differuntt

683 2813 1017 2884 ,voluntate
1071 2824 1277 2878 autem
1344 2809 1577 2877 similes
1630 2824 1779 2877 sunt
1803 2857 1828 2894 ‚
1889 2825 1953 2876 et
2007 2810 2173 2879 inter
2238 2832 2420 2896 sese,
2487 2827 2553 2881 et

694 2927 1014 3015 magistriz
1085 2941 1147 2992 et
1210 2926 1301 3007 ii,
1365 2926 1476 3009 qui
1535 2946 1606 2993 se
1656 2929 1735 2994 ud
1786 2945 2048 2995 caussas
2096 2933 2552 3012 contulerunt,

698 3059 772 3110 ut
790 3044 1251 3110 Demosthenes
1276 3088 1300 3122 ‚
1334 3042 1732 3126 Hyperides,
1752 3044 2084 3130 Lycurgus
2107 3091 2130 3124 ‚
2155 3047 2507 3114 Aeschines
2526 3095 2552 3130 ,

697 3161 1052 3230 Dinarchus
1106 3159 1337 3242 aliique
1394 3162 1795 3243 computes,
1854 3163 1974 3228 etsi
2032 3162 2194 3229 inter
2246 3182 2319 3229 se
2373 3182 2554 3247 pares

697 3298 829 3348 non
886 3277 1189 3358 fuerunt,
1233 3289 1441 3343 tamen
1507 3292 1657 3343 sunt
1714 3296 1931 3345 omnes
1994 3277 2058 3344 in
2117 3279 2334 3345 eodem
2398 3282 2562 3348 veri-

697 3395 847 3462 tatis
907 3394 1196 3463 tutandae
1245 3410 1471 3482 genere
1520 3393 1749 3462 versati
1790 3391 1880 3462 4⁶³.
1979 3394 2172 3482 Quod
2214 3396 2375 3463 idem
2422 3396 2558 3463 aliis

2420 3531 2565 3581 ver·

681 3697 688 3702 ’
775 3694 859 3772 (ι)
897 3699 1074 3754 Thuc-
1108 3699 1273 3755 vm.
1307 3718 1358 3756 e.
1392 3702 1480 3758 68.
1517 3701 1606 3758 Cf.
1639 3700 1860 3756 Ruhnk.
1886 3701 2104 3778 ,Opunt-
2139 3701 2268 3756 vol.
2292 3702 2341 3758 1.
2365 3719 2425 3771 p·
2446 3705 2571 3777 149.

657 3867 662 3872 .
778 3801 860 3873 (2)
899 3799 973 3853 V.
998 3799 1118 3854 Cic.
1140 3800 1208 3853 de
1237 3799 1452 3855 Senect-
1477 3819 1527 3856 c.
1546 3802 1599 3856 5.
1704 3802 1786 3874 (δ)
1826 3801 1947 3861 Cic.
1983 3801 2051 3856 de
2073 3802 2229 3855 Orat.
2268 3800 2348 3856 11.
2382 3818 2469 3857 π.
2504 3801 2575 3854 do

703 3899 1016 3954 Ruhnkenii
1037 3903 1347 3970 conjectura
1369 3899 1576 3969 Opone.
1607 3899 1740 3955 Vol.
1780 3901 1829 3955 1.
1850 3919 1909 3971 p.
1929 3900 2054 3957 555.
2087 3900 2267 3973 vulgo
2287 3900 2484 3973 legitur
2514 3902 2582 3957 in

698 3998 890 4060 essim
918 4000 1178 4058 mitaris
1207 4000 1534 4056 imitandae.
1578 4000 1674 4060 Cf.
1707 4000 1787 4057 id.
1823 3999 1893 4058 nd
1923 4000 2098 4056 until.
2133 4000 2215 4057 11.
2247 4000 2304 4058 ⁶.
2333 4016 2393 4073 9⁴
2426 4017 2518 4074 9²·
