2900 4817
1385 526 1778 587 -116-

647 701 1165 784 madvertissent‚
1209 701 1493 769 adierunt
1528 703 1751 789 Jovem
1799 707 2261 791 conquestique
2314 725 2509 793 sunt,

651 819 939 886 homines
993 821 1070 885 ad
1125 837 1195 885 se
1256 820 1320 885 in
1372 834 1710 902 utrumque
1762 822 1970 887 locum
2033 824 2336 892 ventitare
2395 828 2517 893 hac

650 935 1011 1002 conditione
1077 934 1395 1020 indignos.
1506 937 1611 1002 Ad
1663 956 1827 1018 quos
1884 937 1974 1004 sic
2023 940 2313 1025 Jupiter:
2390 960 2518 1028 ego

652 1072 851 1135 vero,
904 1053 1160 1135 inquit,
1245 1052 1429 1118 finem
1501 1054 1601 1118 his
1667 1053 2007 1137 imponam.
2097 1057 2291 1124 Nunc
2346 1058 2515 1126 enim

655 1173 817 1238 male
860 1170 1092 1257 judicia
1151 1169 1697 1236 administrantur:
1769 1190 1909 1246 nam
1951 1157 2141 1238 vesiti
2164 1222 2188 1255 ‚
2230 1193 2363 1240 non
2401 1193 2522 1241 nu-

643 1289 722 1384 ‚di
745 1335 767 1369 ‚
807 1288 1169 1373 judicantur
1193 1287 1525 1368 homines»,
1564 1287 1801 1371 quippe
1832 1290 1944 1371 qui
1976 1289 2106 1355 vivi
2134 1291 2516 1375 judicantur.

641 1405 860 1504 „Multi
920 1406 1195 1494 iccirco,
1269 1389 1519 1488 inquit}
1583 1423 1815 1489 pravos
1878 1407 2179 1474 habentes
2228 1409 2466 1474 animos
2492 1453 2520 1490 ,

655 1523 1033 1608 corporibus
1079 1538 1230 1590 sunt
1290 1523 1528 1607 pulcris
1553 1571 1577 1604 ‚
1621 1522 1897 1605 itemque
1945 1541 2171 1608 genere
2249 1537 2317 1589 et
2362 1523 2527 1590 divi·

645 1635 766 1708 -tiis
827 1640 1080 1724 induti,
1107 1655 1240 1723 et,
1285 1660 1498 1722 =quum
1550 1641 1901 1707 instituitur
1933 1640 2278 1726 judicium,
2319 1641 2525 1710 crebri

665 1758 825 1842 ipsis
885 1771 1084 1825 testes
1149 1758 1398 1848 ‘adsunt
1418 1803 1442 1839 ‚
1507 1755 1874 1824 testimonio
1926 1758 2251 1840 probaturi
2276 1806 2301 1842 ‚
2357 1761 2532 1845 juste

643 1875 808 1968 ‘illos
868 1875 1126 1941 vixisse.
1244 1874 1502 1960 Judices
1568 1872 1762 1958 igitur
1811 1875 2243 1955 percelluntur
2304 1875 2480 1942 hisce
2501 1892 2525 1941 ε

653 2007 801 2080 ‚tum
861 2011 1013 2059 vero
1056 1990 1179 2075 ipsi
1224 1991 1508 2076 judicant
1564 1989 1779 2057 vestiti
1801 2037 1825 2071 ,
1862 1991 2084 2056 oculos
2148 1990 2387 2075 quippe
2422 2011 2538 2058 au·

665 2127 898 2191 resque
943 2122 1008 2175 et
1066 2122 1268 2174 totum
1323 2126 1560 2192 corpus
1606 2122 1919 2191 tamquam
1962 2108 2170 2173 -animi
2214 2120 2538 2192 tegumen-

668 2239 733 2292 ta
791 2225 1139 2292 habentes:
1223 2224 1372 2290 haec
1426 2225 1617 2309 igitur
1659 2224 1782 2290 illis
1827 2224 2033 2291 omnia
2067 2225 2380 2324 judicandi
2418 2226 2537 2292 im-

651 2340 1024 2432 ,pedimenta
1080 2356 1270 2422 sunt,
1311 2360 1457 2430 cum
1500 2340 1783 2423 ipsorum
1806 2388 1830 2423 ‚
1875 2356 2010 2407 tum
2042 2361 2324 2441 eorum,
2369 2361 2537 2426 quos

668 2461 952 2546 judicant
978 2508 1001 2541 ,
1046 2472 1425 2542 tegumenta.
1495 2457 1773 2526 Primum
1816 2458 2040 2544 igitur,
2085 2459 2330 2542 inquit,
2388 2460 2541 2528 huic

673 2578 767 2645 rei
805 2577 948 2642 finis
984 2576 1403 2659 imponendus
1427 2621 1450 2655 ,
1494 2590 1570 2640 ut
1602 2593 1683 2641 ne
1720 2579 2015 2642 mortales
2059 2589 2322 2642 mortem
2359 2594 2540 2645 suam

673 2693 1116 2779 praevideant:
1200 2710 1370 2758 nune
1445 2691 1611 2759 enim
1683 2690 2087 2775 praevidentt
2184 2691 2540 2760 mandatum

676 2813 802 2880 hoc
840 2824 1047 2878 autem
1093 2811 1218 2895 iam
1261 2810 1637 2875 Prometheo
1684 2821 1783 2875 est
1807 2856 1833 2891 ‚
1876 2821 1949 2874 ut
2006 2807 2155 2874 huic
2180 2791 2297 2876 rei
2345 2807 2539 2876 finem

677 2907 1007 3015 imponat:
1034 2943 1170 2994 tum
1194 2944 1349 2992 vero
1375 2925 1656 3012 judicare
1688 2944 1799 2992 eos
1842 2940 2098 3008 oportet
2111 2925 2210 2993 his
2250 2927 2546 2996 omnibus

684 3048 942 3114 nudos:
986 3063 1127 3112 nam
1179 3041 1415 3109 mortui
1451 3041 1771 3125 judicandi
1817 3056 2011 3107 sunt:
2053 3040 2326 3126 judicem
2392 3043 2546 3111 item

684 3163 925 3231 nudum
978 3180 1119 3228 esse
1179 3161 1357 3227 decet
1374 3207 1398 3240 ,
1460 3171 1777 3224 mortuum
1800 3204 1824 3238 ,
1873 3156 2015 3241 ipso
2069 3157 2276 3224 animo
2335 3160 2549 3242 ipsum

620 3273 626 3280 ’
675 3281 957 3362 ,animum
1017 3275 1292 3342 hominis
1311 3323 1335 3357 ‚
1376 3273 1634 3343 simulac
1678 3287 1966 3340 mortuus
2017 3287 2117 3341 est
2136 3321 2162 3358 ,
2221 3276 2554 3359 exploran-

684 3411 814 3466 tem
836 3443 863 3480 ,
915 3414 1114 3479 quum
1163 3392 1221 3459 is
1277 3393 1561 3479 cognatis
1613 3390 1911 3459 omnibus
1987 3391 2330 3460 destitutus
2404 3407 2502 3460 est
2523 3441 2551 3476 ,

568 3521 576 3532 '
671 3529 1073 3595 -omnemque
1138 3510 1315 3577 illum
1368 3522 1730 3595 apparatum
1785 3508 1852 3574 in
1907 3524 2072 3576 terra
2132 3509 2387 3594 reliquit
2400 3557 2428 3595 ‚
2478 3525 2558 3580 ut

680 3612 927 3715 justum
955 3628 1065 3694 -sit
1115 3626 1442 3713 judicium.
1490 3623 1555 3672 <¹2

786 3746 960 3842 Haec
1010 3744 1265 3830 Jupiter
1283 3763 1306 3810 ε
1365 3781 1461 3820 v--
1518 3742 1636 3809 sed
1691 3741 1879 3808 nobis
1945 3758 2078 3808 non
2141 3743 2554 3812 enarrandum

2410 3880 2566 3947 por·

588 4089 597 4097 .
661 4023 674 4034 “
765 4025 849 4093 (ι)
887 4023 1060 4095 Gorg.
1090 3993 1214 4081 ω.
1248 4023 1320 4076 u.
1361 4048 1442 4071 -
1469 3980 1590 4078 525.
1630 4022 1700 4078 E.
1745 4023 1822 4078 v.
1849 4021 2126 4080 uzindur
2158 4023 2226 4077 aa
2256 4023 2316 4079 ιι.
2347 4023 2391 4080 ι.
2416 4061 2435 4094 ,
2463 4023 2565 4096 φὶ

697 4143 821 4180 ⁰⁸¹¹!
864 4131 1011 4179 recte
1041 4125 1435 4194 interpretatu
1468 4121 1704 4180 videtur.
2212 4149 2227 4158 .
