2900 4817
1381 424 1740 515 ...94-

643 592 837 682 tiones
871 615 1248 680 terminaret
1278 636 1470 696 ,τινας
1512 636 1620 679 nec
1643 616 1839 679 tamis
1882 634 1942 679 se
1979 594 2294 679 laboribus
2309 613 2512 698 fron-⁴

636 749 817 819 geret
839 781 866 813 ,
907 752 1100 817 neque
1152 746 1241 797 tot
1309 753 1373 795 ct-
1391 735 1484 797 ris
1549 732 1902 817 vigiliisque
1955 746 2304 815 angeretur
2324 781 2348 814 ,
2409 738 2514 796 nei-

646 853 990 938 qe1e³totitts
1056 850 1130 915 de
1180 833 1334 917 vitd'
1382 851 1529 936 ipsa
1586 854 1941 914 dimicaret.
2033 848 2229 914 Nune
2286 843 2515 914 insidet

646 965 955 1056 quaedam
1018 971 1088 1029 in
1142 969 1363 1053 optimo
1406 989 1643 1052 qnoque
1683 970 1925 1044 virtus,
1987 987 2150 1052 quae
2204 979 2400 1030 noctes
2454 978 2516 1030 et

647 1083 777 1149 dies
833 1086 1109 1147 animam
1162 1084 1412 1165 gloriae
1466 1084 1736 1149 stimulis
1785 1087 2060 1149 concitat
2082 1130 2107 1163 ‚
2153 1098 2345 1169 atque
2402 1080 2519 1148 ad-

652 1217 896 1280 monet,
984 1222 1103 1265 non
1155 1221 1294 1265 cum
1353 1205 1525 1267 ritae
1575 1217 1843 1285 tempore
1906 1222 2027 1266 csse
2082 1198 2517 1265 dimittendam

654 1320 1284 1384 commemorationem
1343 1320 1606 1383 nominis
1675 1322 1922 1398 nostri,
1990 1316 2100 1384 sed
2143 1338 2284 1383 cam
2358 1318 2523 1383 omni

643 1436 1022 1524 posteritate
1051 1432 1554 1522 adaequandum.
1607 1433 1670 1478 <⁸³
1725 1434 1881 1500 Non
1922 1435 2064 1500 dico
2086 1482 2110 1516 ,
2169 1447 2525 1502 mutuatum

660 1553 811 1619 hae-c
847 1569 988 1617 esse
1046 1571 1082 1616 a
1140 1552 1402 1616 Platone
1440 1550 1815 1617 Ciceronem
1840 1598 1864 1632 ‚
1932 1566 2004 1615 ut
2063 1552 2380 1618 Rhetores
2419 1570 2526 1619 so·

658 1671 838 1749 lent,
886 1687 1016 1753 quo
1070 1668 1311 1734 scilicet
1357 1681 1604 1733 ornaret
1649 1668 1995 1735 orationem
2042 1689 2269 1752 suam3
2318 1669 2428 1737 sed
2484 1688 2520 1733 a
2561 1654 2572 1663 ³

660 1806 860 1873 puero
920 1786 1028 1852 ille
1083 1801 1304 1867 captus
1358 1784 1636 1849 Platonis
1691 1803 1946 1871 amore,
1993 1786 2086 1851 sie
2129 1800 2336 1852 autem
2380 1806 2525 1871 cap-

661 1878 813 1986 tus,
862 1919 931 1971 ut
955 1951 979 1984 ,
1044 1902 1260 1986 prouti
1304 1901 1619 1967 Phaedrus
1665 1902 1923 1985 Lysiam
1952 1950 1978 1985 ‚
2019 1903 2105 1970 ita
2141 1903 2278 1986 ipse
2324 1904 2532 2001 Plato·

658 2041 803 2093 nem
843 2021 1138 2086 omnibus
1165 2068 1188 2101 ,
1214 2019 1323 2102 qui
1348 2039 1647 2102 umquam
1690 2020 1974 2086 dixerant
2021 2021 2525 2107 scripserantve‚

664 2152 1115 2224 anteponeret,
1215 2138 1527 2219 deumque
1607 2136 2138 2223 philosophorum
2227 2157 2526 2209 vocaret:

664 2273 898 2343 sponte
930 2256 983 2333 is
1014 2257 1076 2322 iu
1100 2258 1290 2341 hujus
1323 2274 1394 2321 se
1407 2254 1724 2340 cogitandi
1752 2256 2195 2339 scribendique
2230 2258 2534 2328 rationem

662 2378 754 2443 sic
812 2364 1304 2453 insinuaverat‚.
1343 2391 1416 2437 ut
1461 2374 1742 2439 colorem
1787 2372 1932 2439 inde
1973 2374 2212 2443 inscius
2261 2375 2326 2442 in
2362 2379 2535 2446 omni

667 2492 1012 2574 scriptione
1043 2490 1343 2555 ducerett
1395 2489 1508 2572 qui
1560 2508 1707 2554 sane
1731 2490 2013 2557 Platonis
2052 2507 2357 2560 amantem
2395 2509 2534 2562 tum

667 2607 934 2675 advertit
976 2606 1284 2686 maxime,
1332 2606 1441 2669 ubi
1492 2607 1746 2672 minime
1789 2606 2014 2673 imitari
2057 2611 2289 2679 Cicero
2326 2612 2541 2680 Plato·

664 2747 809 2794 nem
869 2727 1140 2792 videtur.
1229 2725 1450 2806 Itaque
1493 2744 1635 2791 cum
1682 2725 1747 2792 in
1792 2727 1906 2793 hac
1949 2698 2029 2795 de
2073 2729 2273 2798 literis
2321 2735 2541 2802 huma·

668 2844 1013 2928 nitatisque
1084 2842 1415 2926 disciplina
1495 2842 1778 2910 oratione
1846 2846 2171 2914 Platonem
2229 2852 2543 2935 expressit

671 2983 904 3044 suum,
971 2978 1105 3027 rum
1165 2960 1345 3026 libris
1402 2961 1482 3026 de
1546 2961 1907 3043 eloquentia
1979 2965 2230 3048 scriptis
2308 2968 2541 3055 dialogi

670 3080 1003 3165 usurpavit
1057 3077 1371 3158 formam,
1433 3078 1669 3160 quippe
1732 3098 1893 3160 quae
1926 3094 2252 3165 tantopere
2303 3082 2426 3168 ipsi
2473 3085 2540 3152 in

672 3202 935 3268 Platone
988 3199 1340 3281 placuerat,
1416 3210 1550 3271 tum
1615 3214 1766 3261 vero
1829 3213 1892 3263 et
1955 3197 2020 3263 in
2095 3197 2314 3283 primis
2387 3201 2545 3284 his,

677 3320 843 3401 quo's
899 3315 1200 3398 scripsit,
1243 3311 1507 3398 dialogis
1566 3328 1629 3377 et
1674 3313 1851 3380 iniis
1906 3315 2011 3398 qui
2073 3316 2193 3382 hos
2238 3337 2548 3388 consecu-

675 3437 726 3501 ti
792 3451 990 3515 sum,
1035 3433 1350 3498 Phaedrus
1388 3431 1513 3515 ipsi
1557 3433 1843 3518 dialogus
1873 3435 2212 3519 praecipue
2252 3437 2337 3502 ob
2374 3454 2547 3506 men·

674 3554 801 3620 tet‘n
873 3568 1160 3617 versatus
1229 3568 1374 3616 esse
1428 3549 1706 3616 videtur:
1793 3552 1957 3617 unde
2024 3551 2128 3619 illa
2188 3555 2540 3624 continuo:

673 3693 795 3741 cur
832 3682 960 3737 *non
1014 3673 1351 3734 imitamur
1372 3716 1397 3749 ‚
1463 3666 1688 3734 Crasse
1712 3715 1734 3749 ,
1798 3668 2119 3735 Socratem
2173 3673 2394 3756 illum,
2435 3677 2551 3762 qui

662 3778 767 3857 ’est
802 3794 871 3854 in
909 3785 1196 3852 Phaedro
1248 3786 1581 3851 Platonis?
1620 3785 1680 3828 (³)
1727 3799 1789 3849 ct
1825 3786 2068 3851 stallum
2116 3786 2552 3877 hocfrigidius

2421 3906 2557 3993 flu.

755 4083 848 4155 (ι)
885 4086 1001 4138 cic.
1042 4100 1141 4152 pro
1170 4079 1369 4134 Archia
1421 4102 1473 4145 c,
1525 4099 1603 4134 ιι.
1733 4082 1813 4152 (2)
1885 4082 1970 4136 Dc
2019 4082 2175 4137 Omt.
2205 4082 2327 4155 l.7.
