2900 4817
1082 479 1467 563 ...157-

327 659 418 728 'do
473 659 735 747 legimus
758 705 782 738 ‚
824 659 1082 727 ductum
1150 659 1347 727 esse?
1409 659 1484 725 In
1538 658 1896 726 memoriam
1953 661 2211 729 revocess

334 796 481 845 mus
547 777 906 863 dialogum,
967 776 1082 860 qui
1135 778 1400 860 Χάρωνος
1458 779 1560 846 καὶ
1638 782 1855 861 Ἑρμοῦ
1916 774 2210 844 inscribi·

326 910 434 961 tur
475 897 566 961 (θ.
669 895 1085 967 Advenerunt
1161 892 1393 959 mortui
1459 905 1636 959 tanto
1693 912 1995 975 numam,
2082 908 2153 960 ut
2177 942 2206 976 ‚

323 1011 452 1077 nisi
511 1010 879 1095 reliquerint
928 1011 994 1077 in
1055 1010 1244 1077 litore
1285 1009 1605 1094 superflua
1653 1011 1896 1092 omnia,
1942 1013 2020 1078 de
2060 1011 2208 1095 ipso

328 1127 585 1213 navigio
606 1174 633 1210 ,
693 1146 774 1194 ne
829 1129 1228 1213 immergatur
1250 1175 1275 1209 ,
1340 1142 1575 1194 metuat
1627 1129 1910 1195 Charon.
2010 1128 2209 1215 Jubet

329 1244 435 1310 bic
513 1243 708 1331 igitur
734 1281 738 1286 ·
762 1244 906 1311 illos
964 1243 1157 1312 nudos
1191 1245 1444 1330 ,ingredi
1512 1264 1580 1312 ac
1650 1244 1977 1314 Mercurio
2034 1265 2220 1332 prae-

321 1360 536 1444 cipit,
621 1376 836 1430 utne
893 1363 1201 1446 accipiat,
1288 1362 1412 1429 nisi
1481 1363 1592 1446 qui
1652 1362 1823 1429 omni
1875 1364 1962 1430 sit
2019 1380 2213 1431 onere

329 1497 600 1546 vacuus.
689 1478 863 1546 Facit
917 1480 1280 1548 Mercurius
1306 1526 1333 1563 ,
1375 1493 1567 1563 atque
1617 1481 1698 1546 ad
1764 1483 1989 1547 scalam
2023 1499 2215 1549 nava·

333 1599 453 1663 iem
510 1597 810 1678 adstans,
897 1611 969 1664 ut
1026 1598 1265 1681 primus
1332 1596 1549 1684 prodit
1610 1598 2001 1683 Menippum,
2085 1579 2211 1681 ιιι,ι

331 1715 590 1798 inquit,
635 1711 781 1796 quis
822 1714 946 1782 es?
991 1713 1342 1798 Menippus
1404 1735 1547 1782 sum
1573 1760 1600 1797 ,
1644 1715 2017 1799 respondet:
2063 1734 2215 1784 ecce
2272 1701 2279 1706 ’

331 1851 488 1900 vero
546 1849 697 1917 pera
751 1830 947 1913 mihi,
993 1831 1323 1915 Mercuri,
1367 1832 1760 1917 baculusque
1809 1833 1873 1898 in
1915 1829 2210 1916 paludem

331 1950 577 2037 abjecta
633 1942 875 2017 sun'toz
949 1949 1201 2034 pallium
1263 1965 1472 2018 autem
1521 1965 1691 2019 recte
1742 1945 1869 2018 feei
1890 1997 1915 2032 ,
1979 1948 2091 2033 qui
2131 1968 2217 2017 ne

335 2069 588 2137 tulerim
643 2068 896 2152 quidem
946 2087 1217 2135 mecum.
1309 2068 1437 2136 Cui
1503 2067 1908 2135 Mercurius:
1969 2068 2218 2136 inscen-

333 2188 462 2269 de,
507 2186 861 2272 Menippe‚
920 2185 1006 2251 ait
1030 2233 1055 2268 ‚
1116 2185 1399 2252 virorum
1458 2185 1694 2270 optime
1721 2232 1745 2266 ‚
1824 2186 2216 2270 primamque

334 2305 546 2371 sedem
593 2303 770 2389 juxta
825 2301 1304 2389 gubernatorem
1364 2301 1430 2367 in
1475 2303 1605 2367 alto
1667 2302 1886 2369 obtine
1909 2350 1935 2385 ‚
1996 2317 2070 2368 ut
2120 2283 2218 2369 inss

334 2419 563 2504 spicias
620 2438 864 2486 omnes·
954 2417 1082 2486 Hic
1125 2419 1230 2484 alii
1278 2433 1342 2486 et
1393 2437 1699 2504 perquam
1744 2439 1779 2485 a
1823 2438 1894 2486 se
1949 2419 2217 2488 invicem

332 2537 620 2620 diversi,
681 2536 1020 2616 identidem
1079 2537 1476 2620 procedunt,
1539 2539 1953 2606 Charmolaus
2009 2539 2218 2605 conti-

332 2675 513 2737 nuo,
572 2654 897 2721 formosus
941 2653 1091 2733 ille,
1144 2654 1330 2738 cujus
1392 2657 1683 2720 osculum
1742 2654 1907 2721 binis
1957 2655 2211 2722 talentis

328 2772 816 2852 aestimabatur,
901 2784 1035 2837 turn
1094 2770 1532 2868 Lampichu8‚
1593 2771 1950 2837 Geloorum
2005 2785 2216 2855 tyran-

337 2909 458 2958 nus
487 2938 513 2971 ‚
573 2885 896 2955 Damasias
948 2887 1224 2968 athleta,
1292 2886 1516 2955 Crates
1540 2932 1565 2966 ,
1609 2886 1788 2953 dives
1826 2886 1979 2966 ille,
2023 2907 2218 2963 armas

335 2991 445 3076 tus
494 3010 642 3074 item
704 3003 935 3089 aliquis
959 3052 984 3086 ,
1049 3003 1158 3087 qui
1222 3017 1547 3087 tropaeum
1603 3001 1808 3069 affert.
1896 3003 2106 3087 Aegre
2149 3004 2218 3070 ht

340 3143 608 3207 omnes,
678 3124 853 3208 quod
894 3123 1054 3208 ipsis
1113 3123 1177 3189 in
1233 3122 1364 3189 vita
1416 3119 1667 3206 insigne
1718 3119 1894 3201 fuit,
1952 3139 2218 3203 quoque

334 3242 528 3309 unice
588 3241 837 3328 gloriari
895 3239 1229 3321 solebant„
1296 3239 1665 3323 deponuntz
1735 3253 2004 3321 tyranno
2060 3254 2217 3304 vero

341 3358 611 3427 maxime
665 3358 1001 3422 molestum
1058 3355 1320 3432 accidit,
1364 3355 1530 3440 regia
1586 3352 1853 3437 insignia
1906 3352 2215 3437 abjiceret

342 3474 553 3560 quid?
617 3470 872 3555 inquit,
935 3488 1116 3537 mene
1168 3470 1395 3552 decet,
1458 3469 1786 3550 Mercuri,
1828 3470 2066 3536 nudum
2126 3472 2224 3538 in·

343 3570 563 3681 ffli,
609 3590 723 3673 qui
785 3603 1087 3673 tyrannus
1146 3588 1346 3654 sum?
1403 3586 1532 3654 Cui
1583 3585 1991 3669 Mercurius,
2054 3577 2224 3656 haud

342 3726 418 3778 tu
472 3708 728 3793 quidem
792 3705 896 3774 hic
917 3753 944 3788 ,
1010 3704 1260 3788 reponit
1284 3750 1309 3785 ,
1371 3693 1675 3787 tyrannus
1703 3749 1727 3783 ‚
1786 3702 1900 3768 sed
1957 3704 2215 3770 omnino

341 3844 634 3895 mortuus
689 3842 798 3892 es.-
875 3823 972 3892 Ut
1027 3841 1187 3889 vero
1243 3820 1508 3907 ingressi
1548 3819 1616 3889 hi
1660 3825 1879 3888 omnes
1919 3821 2213 3903 scapham

339 3945 348 3960 ¹
2023 3951 2215 4021 sunt,

422 4080 505 4153 (ι)
543 4047 806 4146 Βὶ“ι1. Χ.
840 4094 896 4148 p.
931 4077 1050 4136 56³.
