2900 4817
1484 491 1835 567 ...34-

717 669 887 736 intus
948 667 1366 749 afficiebatur,
1406 665 1516 734 'sic
1565 668 1783 734 oculis·
1817 665 1949 734 fere
1972 757 1977 764 .
1999 667 2255 736 videbat
2305 661 2603 752 pessime}

714 805 788 857 ae
825 787 1036 871 egisse
1077 784 1407 865 socordia,
1451 783 1545 851 sic
1583 784 1708 849 imo
1732 797 2005 868 pectore
2039 797 2105 851 et
2143 784 2377 869 patriae
2405 805 2593 855 amo-

709 922 784 970 re
819 918 885 971 et
943 906 1397 987 praeclarorum
1464 900 1811 966 facinorum
1885 899 2096 966 studio
2163 900 2579 971 inflammaba-

705 1025 839 1087 tur.
953 1019 1105 1107 Quo
1190 1018 1424 1085 factum
1450 1066 1474 1100 ,
1548 1033 1621 1083 ut
1682 1019 1860 1084 solus
1921 1018 2380 1086 Demosthenes
2440 1022 2599 1087 sola·

708 1109 1109 1221 eloquentiae
1123 1135 1420 1202 facultate
1446 1137 1592 1218 plus
1616 1152 1728 1215 per
1766 1135 2125 1216 complures
2157 1151 2355 1201 annos
2376 1134 2584 1203 effice-
2654 1193 2667 1204 .

707 1273 778 1322 re
822 1254 901 1321 ad
947 1254 1241 1320 tuendam
1288 1269 1351 1320 et
1392 1252 1751 1317 servandam
1803 1250 2125 1316 Graeciam
2144 1298 2169 1332 ‚
2251 1272 2436 1335 quam
2488 1253 2597 1320 ad-

710 1373 1078 1439 domandam
1116 1370 1450 1454 Philippus
1488 1367 1719 1435 astuti-a
1740 1416 1764 1449 ‚
1822 1367 1986 1439 dolis
2010 1414 2035 1448 ‚
2080 1367 2369 1451 praemiis
2396 1393 2435 1450 ‚·
2463 1383 2597 1453 pte-⁴-

709 1490 919 1558 cuniis
945 1536 971 1571 ,
1034 1488 1458 1568 exercitibus,
1535 1483 1845 1552 classibus
1906 1484 2238 1551 diceretur.
2314 1486 2601 1573 Quodsi:

706 1598 832 1684 jam
902 1595 1033 1679 sit,
1099 1595 1212 1678 qui
1267 1607 1524 1677 quaerat
1545 1639 1568 1673 ,
1626 1592 1793 1658 unde
1864 1591 2013 1657 haec
2073 1590 2284 1658 divina
2342 1593 2430 1658 sit
2486 1593 2573 1662 ,in

711 1712 1147 1782 Demosthene
1215 1709 1459 1777 dicendi
1555 1707 1658 1774 vis
1731 1720 1796 1774 et
1865 1707 2130 1774 facultas
2199 1711 2531 1791 repetenda
2542 1703 2599 1794 ‚'

709 1827 835 1898 sibi
898 1849 1032 1897 eam
1093 1825 1312 1894 debuit
1363 1822 1657 1909 profecto
1713 1837 2033 1892 oratorum
2084 1824 2379 1909 princeps
2404 1873 2429 1906 ,
2466 1842 2574 1893 ,ut

712 1948 837 2015 sibi
921 1963 1138 2013 omnes
1225 1942 1457 2010 debent
1528 1943 1906 2008 excellentes
1968 1940 2086 2006 viri
2142 1942 2573 2011 excellentiam

706 2081 927 2132 suamx
969 2075 1034 2130 et
1055 2109 1079 2143 ‚
1123 2060 1246 2140 nisi
1308 2060 1400 2125 sic
1443 2058 1551 2125 ille
1591 2072 1776 2126 natus
1822 2058 1903 2123 ad
1940 2058 2363 2139 eloquentiam
2417 2057 2582 2128 fuis-

704 2196 849 2262 set,
915 2193 987 2247 ut
1044 2177 1170 2245 fuit
1207 2178 1305 2244 ¹ad
1385 2174 1856 2260 philosophiam
1916 2174 2206 2243 Socrates
2234 2223 2259 2257 ‚
2334 2191 2572 2250 tantam

689 2296 934 2388 ‘habere
991 2295 1058 2362 in
1124 2292 1572 2377 rempublicam
1615 2291 1792 2371 vim,
1858 2305 2153 2374 quantam
2206 2292 2312 2361 hic
2349 2295 2577 2363 habuit

706 2415 776 2481 in
839 2411 1284 2500 philosophiae
1342 2409 1591 2490 studia,
1646 2425 1778 2475 non
1831 2409 2171 2492 potuisset.
2261 2411 2388 2478 Sed
2452 2413 2576 2479 So-

707 2530 862 2600 crati
927 2529 1147 2596 debuit
1227 2526 1532 2593 orationis
1597 2525 2088 2612 disciplinaeque
2161 2531 2519 2611 exemplum
2540 2575 2569 2613 ,

707 2652 838 2734 qua
889 2650 1026 2714 una·
1079 2644 1540 2724 efficacissime,
1608 2643 1918 2726 quidquid
1967 2643 2141 2711 intus
2198 2644 2267 2709 in
2311 2645 2595 2715 homine.

703 2779 805 2832 est
833 2810 859 2848 ‚
901 2749 1275 2841 suscitatur,
1320 2762 1615 2843 idemque
1673 2762 1751 2825 ad
1808 2761 1931 2827 hoc
1987 2765 2341 2846 exemplum
2392 2763 2575 2833 vido·

695 2897 806 2950 tur
868 2882 1207 2948 naturalem
1269 2878 1608 2963 eloquendi
1667 2877 2020 2948 facultatem
2096 2881 2345 2949 acuisse
2363 2927 2389 2963 ,
2454 2900 2567 2951 ex-

701 2998 983 3064 coluisse
1050 3012 1118 3066 et
1186 3013 1341 3064 vero
1415 2996 1527 3062 uni
1588 2993 1954 3063 adhibuisse
2026 2997 2410 3080 reipublicae
2464 3019 2568 3068 sa-

704 3112 850 3182 luti.

727 3265 732 3274 ·
785 3230 944 3299 Non
1021 3228 1296 3296 imitatus
1365 3229 1633 3297 dicendo
1704 3242 1805 3300 est
1874 3230 2010 3296 sive
2063 3231 2382 3298 Socratem
2426 3231 2583 3302 sive

695 3348 1020 3419 Platonem
1052 3346 1390 3419 oratorum
1436 3366 1755 3415 summust
1783 3347 1847 3413 id
1871 3347 1933 3413 in
1971 3360 2210 3414 tantum
2246 3348 2570 3434 ingenium

696 3486 830 3537 non
872 3466 1172 3549 cadebat3
1236 3467 1349 3532 sed
1402 3466 1577 3549 quod
1632 3464 2060 3547 colloquendo
2117 3484 2262 3531 cum
2306 3466 2572 3552 juveni·

577 3663 580 3668 >
697 3584 823 3651 bus
876 3583 944 3650 in
995 3585 1279 3668 ipsorum
1314 3573 1533 3651 animis
1572 3583 1860 3650 effecerat
1900 3583 2236 3666 SocrateS‚
2284 3598 2356 3650 ut
2394 3584 2568 3668 apud

696 3700 1024 3771 Platonem
1079 3697 1421 3786 reperiebat
1444 3749 1469 3784 ,
1551 3700 1615 3767 id
1671 3700 1823 3779 ille..
1882 3701 1983 3767 his
2057 3701 2214 3786 ipsis
2278 3700 2567 3769 imbutus

703 3818 1058 3888 Socraticae
1111 3818 1477 3903 disciplinae
1523 3816 1852 3902 principiis
1878 3865 1904 3900 ‚
1969 3837 2166 3900 quum
2222 3817 2301 3883 ad
2357 3817 2573 3885 dicen·

698 3936 850 4004 dum
900 3954 973 4003 se
1020 3935 1295 4003 dedisset
1317 3983 1343 4016 ‚
1384 3935 1449 4001 in
1486 3933 1765 4001 universi
1808 3933 2035 4019 populi
2079 3934 2298 4001 animis
2340 3933 2568 4004 efficie-

698 4033 808 4122 bat
855 4066 1108 4138 sponte.
1196 4050 1353 4120 Erat
1412 4050 1536 4119 hoe
1594 4065 1803 4120 autem
1852 4051 2213 4138 ejusmodi,
2255 4066 2328 4120 ut
2366 4052 2605 4138 pudo-a

2471 4180 2575 4234 ret
