2900 4817
1538 525 1878 574 ...ρο-..-

771 692 1010 759 een-imi
1075 689 1487 756 adolescentis
1545 704 1607 756 et
1683 707 1981 774 perquam
2051 690 2372 772 amabilis,
2437 692 2629 776 cnjus

773 811 916 873 eum
961 808 1217 872 Socrate
1254 807 1334 873 de
1371 808 1595 889 pulcro
1638 823 1701 878 et
1751 825 1961 872 amore
2012 826 2334 874 sermones
2377 809 2438 873 id
2477 809 2637 875 effe·

775 935 1037 1001 terunt,
1102 934 1175 986 ut
1243 938 1385 987 esse
1449 920 1786 987 fateremur
1843 941 2115 989 amorem
2179 941 2309 989 non
2368 925 2638 991 noxium

774 1038 1136 1105 mortalibus
1155 1085 1179 1118 ,
1242 1052 1317 1102 ut
1380 1038 1616 1121 Lysiae
1672 1038 1952 1121 placebat
1975 1085 1999 1121 ,
2067 1040 2180 1106 sed
2219 1040 2635 1107 maximorum

774 1153 898 1223 illis
960 1156 1273 1221 bonorum
1333 1169 1675 1221 auctorem.
1762 1156 1994 1221 Pariter
2046 1174 2213 1222 nunc
2252 1156 2438 1223 nobis
2482 1158 2640 1223 ado·

776 1277 1113 1341 lescentem
1152 1272 1451 1356 proponit
1499 1271 1708 1337 indole
1744 1271 1953 1337 divina
1978 1319 2004 1352 ,
2049 1290 2180 1337 non
2229 1270 2635 1355 formosum,

777 1390 1019 1457 Socrati
1092 1390 1245 1454 adeo
1331 1390 1708 1454 simillimum
1731 1436 1755 1469 ,
1821 1390 1932 1471 qui
1994 1407 2029 1454 a
2087 1388 2289 1456 forma
2341 1391 2639 1473 profecto
2741 1405 2750 1412 “

777 1526 909 1574 non
948 1505 1488 1572 commendabatur
1544 1523 1959 1590 magnopere3
2025 1505 2135 1572 sed
2188 1508 2370 1572 talem
2396 1554 2420 1588 ,
2484 1527 2643 1588 qua-

774 1624 895 1691 lem
951 1625 1073 1689 hoc
1132 1617 1414 1707 postulat
1463 1633 1935 1706 argumentum,
1981 1620 2335 1704 flagrantem
2391 1625 2647 1707 sapien·

780 1739 903 1808 tiae
938 1758 1189 1822 amore,
1233 1743 1451 1805 natura
1492 1738 1946 1822 philosophum
1971 1785 1995 1821 ,
2039 1741 2352 1824 cujusque
2404 1742 2471 1805 in
2505 1744 2646 1809 ani·
2741 1789 2758 1807 ,

775 1876 883 1923 mo
944 1856 1232 1923 Socrates
1289 1856 1535 1921 insitam
1602 1855 1878 1921 discendi
1942 1857 2491 1941 cognoscendique
2541 1857 2646 1924 fa·

778 1975 1067 2039 cultatem
1117 1972 1207 2037 sic
1258 1972 1485 2037 excitat
1546 1972 2016 2040 sermocinando
2040 2019 2065 2055 ,
2129 1986 2203 2038 ut
2229 2020 2254 2054 ,
2314 1992 2476 2057 quae
2519 1974 2646 2040 ho·

778 2089 964 2155 minis
1006 2081 1089 2153 sit
1132 2089 1207 2154 ad
1246 2088 1572 2154 veritatem
1613 2087 2042 2155 inveniendam
2091 2088 2335 2155 indoles
2379 2091 2590 2158 nativa
2615 2140 2644 2175 ,

778 2224 1067 2290 quaeque
1134 2205 1361 2271 indolis
1425 2206 1510 2270 sit
1571 2205 1759 2289 huJus
1819 2207 2280 2288 promovendae
2331 2208 2643 2275 corrobo-

777 2323 1126 2405 randaeque
1184 2322 1342 2388 ratio
1405 2321 1686 2405 optima,
1732 2337 1963 2406 sponte
2022 2322 2221 2388 simus
2258 2326 2636 2392 assecuturi.

777 2439 945 2507 Nam
997 2441 1174 2506 Plato
1193 2486 1215 2520 ,
1263 2440 1438 2522 quod
1496 2439 1763 2504 diximus
1783 2486 1807 2519 ,
1855 2456 2015 2521 quae
2071 2454 2277 2506 mente
2321 2442 2645 2525 excogita-

774 2571 997 2637 verat,
1043 2555 1242 2621 oculis
1287 2556 1436 2621 haec
1500 2554 1634 2621 fere
1683 2556 1985 2622 lectorum
2036 2557 2346 2641 subjicere
2375 2561 2588 2625 studet
2609 2607 2637 2642 ,

774 2685 979 2753 utque
1033 2688 1169 2737 tum
1236 2672 1422 2737 nobis
1485 2672 1801 2737 Phaedrus
1848 2673 2138 2755 apparuit
2187 2680 2217 2745 δ
2256 2680 2587 2759 φιλόκαλος
2612 2725 2638 2758 ‚

774 2794 806 2858 ὅ
846 2792 1209 2873 Φιλόμουσος
1232 2831 1251 2866 ,
1296 2793 1326 2857 ὃ
1367 2791 1679 2873 epm-11:0¹4:
1747 2788 1830 2856 ita
1866 2805 2032 2854 nunc
2075 2789 2489 2858 Theaetetum
2530 2814 2644 2863 ex·

770 2905 1162 2989 plorabimus
1183 2952 1208 2985 ‚
1269 2909 1370 2975 τὸν
1425 2912 1655 2989 εὐμαθῆ
1675 2952 1698 2985 ,
1762 2911 1862 2976 τὸν
1901 2913 2247 2992 Φιλομαθῆ,
2306 2915 2408 2980 τὸν
2448 2917 2635 2997 Φύσει

770 3027 1145 3108 φιλόσοφονς
1190 3022 1551 3104 pariterque
1595 3039 1761 3086 nunc
1794 3022 1977 3088 nobis
2023 3023 2406 3091 Theaetetus
2457 3028 2636 3097 hicce

771 3119 1238 3221 philosophiam
1293 3139 1426 3205 veri
1489 3138 1809 3219 recludet,
1867 3153 1941 3205 ut
2002 3153 2134 3205 tum
2182 3159 2301 3206 nos
2342 3142 2523 3210 duxit
2568 3144 2637 3218 in

772 3255 978 3338 pulcri
1019 3253 1481 3336 philosophiam
1523 3254 1864 3321 Phaedrus.

766 3409 781 3416 -
853 3371 1159 3455 Dialogus
1187 3416 1213 3449 ,
1257 3384 1445 3452 quem
1489 3370 1946 3454 significamus,
1994 3371 2321 3441 Theaeteti
2377 3377 2637 3447 nomine

716 3535 723 3540 .
766 3489 1117 3573 inscriptus
1143 3533 1168 3568 ,
1229 3465 1537 3572 ejusmodi
1585 3487 1770 3552 habet
1835 3491 2200 3571 exordium,
2258 3505 2381 3573 ut,
2441 3515 2632 3576 quam

768 3605 1049 3672 eximiam
1112 3603 1498 3669 Theaetetus
1545 3623 1582 3668 a
1626 3605 1855 3670 teneris
1918 3606 2192 3674 indolem
2236 3610 2582 3691 prodiderit
2607 3661 2633 3695 ,

764 3738 849 3788 ex
904 3699 1191 3785 Euclidis
1245 3738 1388 3785 cum
1439 3719 1800 3803 Terpsione
1853 3724 2253 3790 sermonibus
2324 3726 2636 3811 intelliga-

765 3854 911 3901 mus
975 3834 1308 3901 continuo.
1397 3836 1565 3901 Nam
1623 3837 1899 3922 Megaris
1958 3839 2065 3906 ille
2131 3847 2198 3907 ln
2251 3844 2420 3909 hunc
2476 3846 2631 3912 inci-

764 3954 918 4020 dens
945 3999 967 4033 ,
1011 3951 1076 4018 in
1116 3965 1311 4037 portu
1349 3970 1422 4019 se
1471 3967 1678 4019 narrat
1724 3954 2138 4022 Theaetetum
2174 3959 2450 4041 vidisse,
2496 3979 2636 4025 mo·

766 4067 1102 4138 ribundum
1161 4065 1292 4136 fere
1314 4115 1338 4151 ‚
1400 4087 1599 4152 quum
1676 4072 2081 4157 vulneribus,
2167 4095 2330 4162 quae
2377 4078 2441 4150 in
2494 4078 2624 4150 acie

2526 4211 2627 4260 ae·
