2900 4817
1464 428 1808 494 ..16-

680 647 783 717 τδν
823 643 1004 715 αὑτὸν
1044 638 1320 732 munau
1380 641 1488 711 οὔκ
1536 640 1618 713 ἂν
1654 643 1897 728 &atan-
1943 640 2011 687 ⁰²
2096 642 2181 712 In
2231 642 2395 714 idem
2411 708 2416 714 .
2428 643 2568 734 flu·

679 781 820 826 men
849 758 943 825 bis
985 778 1107 825 non
1139 753 1472 825 descendas
1494 778 1526 825 .·
1566 775 1709 826 nam
1732 804 1760 842 ,
1800 757 2287 846 praeterfluente
2327 766 2506 849 'aqua
2528 810 2559 846 ‚

679 876 854 943 aliud
930 892 1181 959 semper
1246 861 1488 943 flumen'
1558 890 1682 944 est.
1786 876 1942 960 Sic,
2008 879 2233 965 ajunt,
2308 878 2377 948 in
2433 881 2559 947 hoe

683 991 867 1074 quasi
909 990 1169 1058 flumine
1209 1008 1418 1058 rerum
1470 992 1753 1062 omniurn
1773 1040 1800 1077 ‚
1856 1013 1992 1080 quo
2032 996 2381 1084 agitamur,
2442 1015 2565 1066 no·

679 1108 852 1176 mine
910 1107 1208 1174 dicuntur
1268 1106 1517 1195 singula
1554 1106 1768 1176 eadem
1829 1126 1976 1179 esse
1999 1158 2025 1196 ,
2066 1127 2139 1179 re
2173 1125 2386 1180 autem
2425 1099 2579 1182 nonss

681 1240 859 1295 sunt.
946 1225 1166 1315 Quid?
1212 1225 1391 1310 quod
1441 1226 1639 1292 homo
1680 1224 1872 1313 ipse,
1913 1244 2091 1295 mens
2144 1228 2303 1297 adeo
2354 1228 2565 1301 homi-
2627 1287 2642 1310 ,

680 1344 783 1411 nis
806 1390 831 1426 ‚
896 1362 1058 1429 quae
1120 1342 1389 1427 inquirit
1448 1341 1518 1410 in
1572 1361 1794 1411 verum
1815 1391 1843 1429 ‚
1905 1358 2187 1444 mutatur
2246 1364 2499 1435 semper
2520 1347 2561 1416 ἲ

679 1461 965 1530 lnfluunt
1022 1461 1091 1528 in
1151 1478 1289 1529 enm
1348 1459 1747 1529 extrinsecus
1813 1478 1916 1531 res
1938 1508 1965 1545 ‚
2031 1461 2212 1548 quod
2266 1462 2509 1533 discere
2527 1512 2558 1547 ‚

682 1581 944 1647 effluunt
1018 1577 1166 1645 inde
1225 1576 1461 1663 pariter
1481 1624 1508 1660 ‚
1608 1578 1789 1664 quod
1881 1578 2157 1649 oblivisci
2223 1599 2556 1651 vocamus.

681 1696 859 1786 Quid
922 1695 1119 1781 igitur
1167 1695 1591 1781 relinquitur,
1633 1696 1814 1780 quod
1868 1716 2012 1766 esse
2069 1703 2417 1768 stamamus
2456 1720 2564 1771 νι-

679 1819 885 1886 rum?
929 1814 1036 1882 Sic
1088 1813 1218 1881 ini:
1260 1826 1328 1881 et
1360 1813 1706 1901 profecto,
1747 1831 1892 1883 nam
1934 1814 2093 1900 quid
2136 1814 2561 1887 diffiteamur?

680 1919 815 2003 non
874 1936 1060 2020 piane
1119 1932 1386 2001 absurda
1419 1918 1760 2018 proferunt
1778 1979 1806 2017 ‚
1844 1945 1911 2000 et
1970 1933 2314 2001 sententias
2375 1933 2563 2003 emit-

682 2066 829 2119 tunt
870 2050 1138 2119 subinde
1160 2098 1185 2135 ‚
1237 2049 1586 2136 sapientiae
1609 2094 1635 2133 ,
1694 2063 1772 2118 ut
1818 2049 2097 2134 videtur,
2163 2053 2425 2137 plenasz
2492 2052 2561 2119 in

562 2159 569 2172 “
679 2159 783 2228 his
830 2160 1204 2244 Protagoras
1227 2209 1249 2237 ,
1314 2155 1718 2243 sophisticae
1767 2170 1946 2242 pater
1971 2201 1996 2240 ‚
2061 2156 2176 2241 qui
2216 2176 2353 2225 non
2400 2176 2563 2246 pue·

679 2277 809 2360 ris,
852 2294 985 2342 non
1049 2275 1285 2361 vulg0‚
1328 2292 1464 2340 non
1521 2271 1798 2342 credulis
1843 2272 2209 2342 hominibus
2231 2320 2256 2359 ‚
2299 2288 2374 2341 ut
2419 2293 2564 2343 cae-

680 2394 800 2462 teri
851 2393 1141 2480 plerique
1164 2440 1189 2477 ‚
1229 2391 1487 2461 inventa
1538 2409 1652 2459 sua
1701 2390 1977 2480 probare
1999 2437 2026 2475 ‚
2089 2391 2204 2459 sed
2243 2385 2452 2460 doctis
2492 2405 2562 2460 et

679 2510 1091 2598 philosophis
1152 2508 1443 2578 studuitz
1512 2509 1575 2557 <²³
1631 2505 2081 2596 pronunciavit
2139 2508 2196 2576 is
2250 2523 2316 2576 et
2377 2508 2561 2578 libris

681 2624 1082 2712 consignavit
1123 2624 1414 2693 effatum:
1486 2627 1731 2698 πάντων
1775 2628 2113 2714 χρημάτων
2152 2630 2370 2715 μέτρον
2408 2626 2564 2701 εἶναι

682 2749 1002 2836 ἄνθρωπον·
1071 2748 1343 2813 omnium
1398 2764 1618 2812 rerum
1675 2766 2035 2814 mensuram
2073 2747 2380 2815 homiaem
2407 2770 2563 2820 csse.

687 2863 884 2953 Quod
960 2883 1091 2931 non
1154 2881 1307 2931 sane
1382 2882 1595 2931 carere
1653 2862 2205 2932 verisimilitudine
2279 2864 2561 2934 videtur.

683 2980 868 3067 Quae
918 2980 1085 3047 enim
1150 2978 1290 3046 aliis
1356 2978 1565 3048 dulcia
1603 2975 1901 3050 videntur
1922 3027 1948 3061 ,
2013 2997 2215 3047 amara
2265 2978 2569 3048 videntur

564 3079 569 3086 ¹
682 3096 864 3164 aliisz
908 3098 1180 3182 aegrotis
1220 3096 1430 3162 eadem
1472 3094 1694 3178 aliter,
1740 3114 1928 3186 quam
1958 3094 2167 3180 sanis,
2211 3110 2514 3182 apparent
2533 3118 2562 3168 ε

686 3213 883 3280 eidem
924 3214 1079 3278 adeo
1123 3211 1362 3278 homini
1399 3210 1564 3279 idem
1610 3210 1733 3278 alio
1786 3225 2072 3298 ternpore
2137 3212 2344 3298 placet
2363 3261 2391 3297 ,
2430 3211 2563 3283 alio

682 3331 1002 3417 displicet.
1053 3329 1119 3375 (ὓ
1180 3329 1285 3396 Fit
1338 3329 1465 3395 hoc
1490 3377 1516 3413 ‚
1562 3329 1697 3414 ait,
1742 3329 1868 3413 ita,
1912 3331 2063 3416 quia
2102 3330 2169 3398 in
2222 3334 2412 3409 rebus
2455 3334 2569 3422 ju·

684 3449 962 3517 dicandis
1014 3449 1210 3516 homo
1257 3446 1506 3515 sibimet
1550 3447 1691 3534 ipse
1734 3446 1915 3532 quasi
1966 3467 2319 3520 mensuram
2374 3470 2562 3537 prae·

2445 3567 2563 3636 bet

755 3680 864 3761 (x)
901 3683 1116 3753 cratyl.
1152 3682 1251 3740 265
1292 3681 1366 3737 A.
1398 3680 1720 3750 etfl'heaet.
1755 3685 1858 3741 118
1890 3681 1959 3738 F.
2013 3682 2303 3753 Explicuit
2332 3690 2565 3739 mter!-

684 3789 816 3841 tiam
836 3781 1065 3836 maxime
1099 3779 1304 3835 Seneca
1330 3817 1347 3845 ‚
1387 3779 1492 3849 Ep.
1525 3781 1615 3837 58.
1650 3781 1723 3834 V.
1759 3785 2039 3856 wyttenb.
2075 3783 2145 3836 nd
2177 3784 2327 3840 Pint.
2360 3785 2452 3846 ,de
2490 3777 2574 3843 δι”

687 3886 766 3944 N.
800 3877 873 3939 V.
906 3901 966 3953 p·
995 3881 1083 3955 76.
1238 3880 1323 3953 (2)
1362 3879 1581 3953 Protag.
1615 3881 1717 3941 316
1749 3881 1828 3938 D·
1972 3884 2060 3958 (ὅ)
2094 3882 2324 3941 Thenet-
2361 3881 2463 3945 152
2492 3893 2564 3946 B·
