2900 4817
988 497 1087 524 --
1132 484 1248 532 121
1297 479 1390 518 -‘

252 670 348 718 ro·
389 650 665 718 aBsurda
738 661 962 735 putet:
1051 645 1120 712 in
1169 645 1272 711 his
1331 631 1537 728 ipsius
1613 641 1956 714 scribendi.
1985 637 2161 728 artifs·

247 767 642 850 vituperatio
670 812 695 848 ,
761 763 1060 833 nocuisse
1104 781 1236 829 eam
1279 761 1602 828 hominum
1648 762 1858 847 generi
1897 761 2139 849 magis,

257 902 444 965 quam
515 882 847 967 profuisse
870 874 1086 948 :·'tum
1146 880 1270 945 hoc
1325 878 1688 962 praesertim
1712 923 1737 959 ‚
1778 876 1963 946 fateri
2000 879 2141 947 Pla·

254 1015 473 1067 tonem
541 1001 614 1068 in
680 1001 946 1085 epistola
969 1045 994 1081 ,
1061 1015 1222 1080 quae
1273 995 1395 1080 ipsi
1450 994 1748 1061 tribuitur
1770 1043 1795 1076 ‚
1855 1013 1926 1061 se
1982 992 2146 1062 nihil

255 1117 639 1203 scripsisse,
688 1134 848 1198 quae
881 1132 1038 1182 vero
1079 1112 1278 1197 ipsius
1313 1111 1577 1177 nomine
1613 1110 1970 1195 ferrentur,
2018 1112 2147 1180 So-

256 1233 449 1300 cratis
506 1253 681 1301 oese.
762 1230 1033 1301 Disertis
1093 1231 1155 1299 id
1194 1229 1404 1297 verbis
1446 1228 1716 1295 dicitur:
1784 1234 1883 1300 διὰ
1937 1237 2144 1303 ταῦτα

257 1353 422 1421 cmv
476 1355 719 1422 πώποτ’
758 1354 877 1431 ἐγὼ
916 1350 1048 1434 περὶ
1085 1351 1305 1418 τούτων
1339 1351 1662 1432 γέγραφα·
1703 1346 1823 1417 οὐδ’
1862 1349 1951 1420 &a
1988 1351 2145 1431 σύγ-

256 1489 533 1551 γραμμα.
596 1469 919 1543 Πλάτωνος
967 1469 1126 1536 οὐδὲν
1186 1468 1304 1536 οὐδ’
1359 1464 1523 1539 isac·
1567 1468 1651 1533 τὰ
1702 1467 1763 1532 δὲ
1808 1469 1908 1532 νῦν
1959 1459 2143 1546 nard-⁸

255 1608 417 1666 μενοι
437 1601 480 1662 ,“
533 1586 890 1676 Σωκράτοιρς
940 1584 1030 1654 ἐς)
1049 1628 1074 1662 ,
1135 1586 1323 1650 καλοῦ
1353 1581 1469 1692 ’καὶ
1519 1585 1645 1648 vso&
1697 1582 2014 1660 γεγονότος
2056 1578 2148 1645 <¹³2

259 1698 353 1765 Et
373 1703 681 1782 quamvis
720 1699 881 1763 hanc
921 1697 1249 1780 epistolam
1297 1695 1442 1777 quis
1479 1694 1697 1760 habeat
1737 1711 1868 1760 non
1904 1693 1982 1780 ab
2005 1693 2150 1778 ipso

258 1812 538 1894 Platone
566 1869 589 1903 ‚
652 1814 763 1881 sed
804 1833 839 1880 a
881 1811 1204 1880 Platonico
1269 1811 1528 1878 homine
1574 1811 1870 1894 scriptam
1896 1856 1919 1890 ,
1984 1810 2154 1878 unde

263 1929 504 1999 idme
564 1930 842 1997 hauserit
865 1978 888 2012 ‚
936 1930 1218 2012 q'uidque
1252 1947 1329 1996 eo
1376 1928 1792 2011 spectaverit,
1851 1943 2154 2011 quaeren-

265 2048 421 2116 dum
456 2049 734 2118 videtur.
784 2046 1271 2130 obstupescunt
1304 2045 1404 2111 his
1443 2045 1767 2125 homines,
1794 2044 1907 2127 qui
1945 2045 2185 2112 Plato--

261 2179 413 2231 nem
457 2167 684 2250 legunt
709 2212 732 2246 ,
777 2179 850 2228 ut
872 2163 1279 2230 Aristotelem
1320 2163 1529 2230 solent
1564 2179 1628 2230 et
1651 2163 1990 2229 bodlernos
2015 2163 2158 2249 phi-⁸

263 2281 639 2367 losophose
684 2279 1149 2348 dissertationes
1183 2285 1254 2346 se
1283 2295 1545 2347 tractare
1564 2327 1588 2360 ,
1635 2300 1831 2362 quum
1870 2282 2156 2365 dialogos

265 2403 497 2479 legunt
520 2442 546 2477 ‚
609 2394 984 2461 arbitrantur
1000 2441 1025 2477 ,
1069 2393 1596 2476 confunduntque
1660 2414 1805 2462 cum
1862 2396 2151 2480 cujusvis

278 2511 618 2598 scriptoris
681 2511 1034 2579 rhetorisve
1112 2511 1392 2578 divinum
1451 2512 1732 2579 Platonis
1802 2513 2151 2599 ingenium.

273 2626 430 2698 Nos
478 2644 632 2694 vero
657 2674 683 2709 ‚
726 2646 841 2712 age
861 2674 885 2708 ‚
930 2646 1169 2696 novum
1222 2627 1380 2695 illud
1436 2629 1838 2713 exquiramus
1863 2677 1889 2712 ‚
1934 2631 2155 2716 (quod

275 2743 639 2828 diximus),
709 2742 1022 2810 scribendi
1081 2763 1318 2828 genus,
1382 2747 1556 2828 quod
1607 2747 1793 2813 unice
1852 2741 2152 2831 prob‘avit

275 2859 462 2930 Plato
485 2908 510 2944 ‚
566 2861 879 2946 cujusque
953 2860 1029 2926 acl
1083 2862 1438 2945 exemplum
1498 2879 1626 2927 non
1685 2863 2159 2932 dissertationes

278 2978 501 3047 noecio
569 2996 723 3061 quas
743 3023 768 3059 ‚
811 2978 924 3044 sed
976 2977 1261 3060 dialogos
1325 2977 1603 3060 scripsit.
1713 2977 2157 3063 suppeditabit

277 3115 489 3163 autem
541 3095 728 3161 nobis
790 3095 948 3162 illud
968 3142 993 3178 ‚
1079 3094 1145 3161 ni
1205 3093 1483 3161 fallimur
1507 3141 1532 3177 ,
1616 3095 1877 3163 Phaedri
1930 3095 2160 3184 dialogi

279 3231 432 3298 pars
494 3226 830 3295 postrema.
963 3212 1089 3278 Sed
1141 3212 1414 3297 primum
1494 3212 1575 3279 de
1629 3211 1781 3279 artis
1843 3213 2159 3282 scribendi

279 3327 773 3413 reprehensione
830 3328 1328 3411 disceptandum.

370 3443 569 3511 Utilis
590 3489 615 3525 ‚
656 3442 746 3509 ait
806 3444 1096 3509 Socrates
1149 3444 1271 3510 illic
1297 3491 1322 3527 ‚
1363 3448 1597 3531 scripta
1664 3448 1865 3513 oratio
1910 3461 2009 3514 est
2054 3449 2165 3516 ads

288 3559 662 3632 monitionis
720 3577 987 3641 caussa;
1056 3561 1283 3642 quodsi
1339 3564 1418 3628 ad
1472 3567 1978 3647 cognoscendum
2056 3567 2169 3635 de-

292 3679 562 3747 stinatur
582 3722 607 3758 ‚
653 3693 868 3743 omne²
895 3674 1013 3742 erit
1060 3675 1391 3742 scribentis
1452 3678 1729 3744 studium
1774 3649 2169 3752 noninutile

293 3796 500 3863 solum
524 3845 544 3871 ‚
629 3795 742 3861 sed
791 3792 1051 3860 noxium
1118 3793 1501 3879 legentibus.
1632 3797 1977 3882 Colloquio
2039 3800 2164 3870 hoc

1775 3915 1781 3926 .
2006 3913 2162 3983 effa&

380 4044 465 4117 (ι’)
504 4043 679 4116 Epist.
713 4045 779 4100 ad
813 4045 1043 4119 Dionys.
1080 4047 1159 4102 11.
1194 4048 1315 4104 314.
1349 4049 1414 4104 C.
2148 4069 2155 4078 ·
