2900 4817
1090 494 1434 561 ...,9..-.

312 660 658 731 derivavit:
728 659 866 729 sive
894 642 1193 745 ‘quaestio
1260 660 1559 746 agebatur
1580 708 1604 741 ,
1667 678 1831 743 quae
1873 643 2192 725 doctrinas

320 795 680 866 spectaret,
725 781 879 865 quid
933 781 1018 846 sit
1074 779 1364 845 discere?
1411 777 1567 860 quid
1611 778 2017 845 docere?*ut
2048 780 2194 862 ptii-

312 900 403 965 cri
434 898 607 979 illic,
650 898 737 964 ita
782 899 881 964 hic
922 901 1064 965 veri
1102 898 1169 962 in
1206 895 1462 961 homine
1495 912 1764 961 amorem
1795 897 2190 978 exploravit3

319 1018 424 1082 hic
457 1033 663 1082 autem
698 1015 969 1082 animum
1010 1013 1349 1099 proposuit
1404 1012 1592 1078 nobis
1623 1027 1699 1078 ut
1723 1012 2041 1097 gravidum
2089 1030 2201 1078 nas

317 1136 460 1200 tura
519 1114 901 1216 optirnorum
951 1132 1309 1199 studiorum
1334 1178 1359 1212 ‚
1421 1144 1493 1196 ut
1542 1132 1644 1196 vel
1694 1131 1832 1214 ipse
1872 1150 1988 1214 per
2022 1131 2196 1197 sein
2267 1119 2278 1133 ⁸

319 1251 543 1335 pulcro
602 1264 889 1318 versatus
917 1297 942 1330 ‚
984 1252 1086 1315 vel
1140 1247 1424 1313 adhibita⁴
1475 1260 1834 1334 μαιευτικῇ,
1892 1266 2036 1313 cum
2069 1266 2199 1333 op-

318 1368 490 1435 timis
538 1367 813 1435 inventis
862 1367 1030 1450 ipsas
1092 1378 1338 1450 pareret
1377 1366 1720 1431 doctrinas.
1833 1365 2054 1450 Quam
2099 1386 2202 1431 ar-

321 1486 481 1552 tium
541 1498 938 1552 communem
1003 1483 1309 1568 originem
1364 1482 1799 1563 attendente5‚
1862 1499 2020 1547 non
2055 1501 2207 1595 poa-

324 1621 544 1671 sumua
602 1621 735 1669 non
783 1620 928 1669 cum
988 1600 1307 1685 percipere
1361 1588 1695 1668 Ciceronis
1755 1598 2008 1664 effatum
2064 1610 2202 1664 tum

324 1720 635 1806 probare,
702 1722 1017 1788 contineri
1075 1739 1179 1785 eas
1237 1719 1824 1813 cognqtionis
1878 1713 2205 1800 etff‘usdam

318 1839 593 1907 vimulu-
677 1838 845 1906 Nam
889 1851 1103 1922 partae
1138 1854 1358 1903 omnes
1415 1833 1649 1919 pariter
1685 1834 1905 1899 eodem
1949 1829 2205 1917 ingenio
2310 1876 2315 1881 -

326 1958 648 2038 huntam,
690 1956 1043 2038 eodeinque
1085 1953 1288 2037 pulcri
1331 1953 1596 2034 verique
1645 1970 1853 2017 amore
1897 1951 1961 2016 in
2004 1950 2210 2017 lucem

326 2074 571 2158 editae,
634 2073 857 2158 quidni
897 2073 1091 2140 nobis
1150 2068 1570 2157 et'cognataeo
1625 2068 2100 2135 dicanturesse
2139 2082 2210 2135 et

325 2208 554 2263 mutuo
622 2189 747 2257 sibi
816 2206 1037 2257 omnes
1104 2189 1171 2254 in
1245 2189 1624 2272 optimarum
1705 2204 1911 2254 rerum
1978 2184 2206 2251 studiis

314 2294 520 2398 ⁴opem
575 2308 793 2377 ferre?
852 2307 984 2373 ,Ex
1035 2305 1135 2373 his
1185 2324 1372 2371 orsus
1423 2302 1796 2388 principiis,
1831 2314 1840 2323 '
1882 2300 1996 2383 qui
2030 2300 2207 2367 ¹⁷artis
2321 2326 2329 2337 ·

330 2431 647 2516 cujusque
699 2440 763 2494 et
817 2423 1144 2492 doctrinae
1197 2437 1479 2489 naturam
1505 2467 1529 2502 ‚
1575 2419 1877 2486 rationem
1903 2465 1926 2499 ,
1970 2432 2214 2503 propo-

276 2611 281 2616 .
325 2546 520 2616 situm
578 2546 894 2631 indagavit
918 2592 942 2626 ‚
1007 2544 1185 2626 quod
1235 2540 1619 2606 Aristoteles
1682 2536 1950 2604 tentavit
2003 2535 2212 2601 subti-

327 2665 613 2746 iissime‚
699 2680 818 2728 nae
870 2662 926 2728 is
989 2660 1069 2725 de
1120 2657 1359 2723 artibus
1425 2669 1492 2721 et
1561 2650 1865 2721 doctrinis
1937 2651 2214 2735 ipsoque
2302 2717 2305 2722 ,

326 2798 550 2850 eorum
600 2779 785 2845 fonte
803 2824 828 2857 ‚
873 2775 1125 2859 ingenio
1167 2774 1444 2838 humano
1467 2819 1491 2853 ‚
1535 2772 1849 2854 praeclare
1884 2752 2210 2833 meruerit.

330 2897 589 2988 Quodsi
638 2896 782 2980 quis
835 2890 1082 2961 dubitat
1108 2937 1131 2972 ,
1175 2908 1326 2955 num
1379 2887 1614 2956 Cicero
1654 2886 1810 2952 haec
1855 2883 2066 2951 omnia
2107 2883 2217 2949 ex·-

333 3014 633 3104 presserit
676 3000 1011 3093 oratione,
1075 3024 1270 3091 quum
1323 3023 1444 3088 pro
1503 3002 1738 3069 Archia
1785 2999 2068 3079 diceret,
2124 2997 2218 3064 fa·-

320 3144 476 3205 'teor
497 3183 523 3217 ‚
588 3152 690 3200 me
752 3132 898 3198 item
943 3125 1279 3205 dubitare,
1347 3102 1479 3189 iuno
1527 3117 1885 3187 existimare
1948 3115 2167 3200 potius
2187 3162 2217 3196 ‚

338 3240 713 3337 insurpatum
759 3251 884 3316 hoc
933 3260 1072 3313 tum
1138 3244 1217 3311 ab
1275 3260 1356 3308 eo
1415 3256 1561 3307 ease
1579 3284 1604 3318 ‚
1690 3251 1765 3302 ut
1818 3251 2215 3300 communem

339 3368 737 3441 sententiam.
780 3366 1206 3432 Veruntamen
1240 3358 1505 3426 eundem
1546 3353 1920 3423 Ciceronem
1945 3396 1970 3431 ‚
1997 3350 2218 3417 eodem

338 3504 670 3574 tempore,
710 3501 841 3551 rem
895 3495 1135 3559 totam,
1178 3492 1251 3542 ut
1297 3473 1750 3559 exposuimus,
1793 3468 2049 3554 penitus
2080 3486 2224 3552 per·

340 3605 674 3693 spuisse,
750 3600 877 3667 hoc
929 3598 1068 3682 ipse
1124 3593 1417 3678 probavit
1472 3588 1729 3657 biennio
1795 3602 1993 3672 post,
2074 3607 2218 3654 cum

339 3723 618 3795 scribere
658 3734 994 3807 aggressus
1028 3711 1231 3779 libros
1264 3709 1346 3778 de
1384 3708 1665 3776 Oratore
1684 3752 1710 3786 ‚
1753 3705 2224 3791 philosophiam

318 3839 706 3908 ·ce}ebraret.
795 3833 1046 3901 Graeco
1093 3830 1252 3895 hanc
1301 3824 1558 3893 nomine
1591 3823 1943 3909 appellabat
1965 3870 1990 3904 ‚
2034 3822 2228 3906 quip-

345 3979 431 4045 pe
487 3953 747 4040 originis
798 3951 1078 4018 Graecae
1135 3961 1201 4014 et
1260 3943 1518 4011 vixdum
1551 3940 1783 4009 Latine
1822 3956 2222 4022 expressam:

348 4086 726 4157 quamquam
788 4068 881 4134 sic
929 4084 1063 4133 eam
1123 4064 1308 4135 simul
1371 4057 1718 4129 declarabat
1743 4104 1766 4137 ,
1848 4070 1921 4122 ut
1981 4055 2231 4139 sapien·

2108 4169 2229 4240 tiae

2350 683 2366 753 ἑ
