2900 4817
1107 451 1565 537 -έ-ιο3-”

362 649 635 714 sequor-2
724 649 806 702 ne
874 632 1065 717 igitur
1103 613 1304 718 ¹aegre
1358 632 1523 701 feras
1591 632 1823 714 velim,
1906 630 1969 698 si
2005 629 2223 704 dibon

358 747 722 818 sententiam
775 749 1052 820 dixere..
1119 749 1358 816 Nonne
1399 763 1587 834 turpe
1637 748 1757 816 tibi
1810 767 1957 816 esse
2000 749 2221 816 existi-

356 881 485 929 mas
511 910 542 947 ,
579 864 666 932 ita
704 869 1124 949 comparatum
1188 883 1329 932 esse
1343 911 1372 946 ,
1410 867 1930 948 quemadmodum
1974 883 2038 934 et
2081 886 2226 938 caes

353 993 525 1049 teros
589 999 662 1048 se
715 981 942 1048 habere
997 981 1301 1062 arbitror,
1367 982 1477 1064 qui
1528 983 1809 1065 diutius,
1867 1001 2052 1064 quam
2102 1001 2219 1068 par

358 1111 500 1178 est,
553 1097 1018 1181 philosophiam
1062 1097 1589 1181 persequuntur?
1639 1097 1807 1166 Nam
1866 1099 1922 1164 si
1977 1099 2223 1172 accides

355 1212 491 1296 tit,
535 1226 607 1279 ut
661 1216 766 1282 vel
818 1207 901 1281 te'
933 1216 1038 1282 vel
1079 1215 1264 1282 alium
1323 1215 1420 1281 tui
1473 1214 1739 1282 similem
1795 1215 1861 1281 in
1905 1233 2221 1288 carcerem.

357 1329 506 1415 quis
559 1330 853 1412 duceret,
897 1331 1148 1412 dicens,
1193 1346 1257 1398 te
1308 1330 1539 1417 injusta
1585 1330 1905 1415 peregisse
1929 1377 1955 1412 ,
1999 1347 2222 1414 quam.-

353 1448 478 1516 vis.
509 1464 641 1514 non
679 1448 1073 1533 peregisses,
1116 1464 1187 1514 tu
1230 1466 1423 1529 sane,
1469 1447 1623 1530 quid
1677 1465 1939 1532 ageres,
1987 1468 2117 1529 quo
2155 1463 2223 1522 te

354 1579 756 1636 converteres
782 1611 807 1646 ‚
851 1582 986 1634 non
1036 1565 1346 1644 haberes3
1391 1564 1507 1631 sed
1530 1609 1555 1646 ,
1596 1563 1724 1630 acsi
1768 1563 2075 1647 vertigine
2134 1567 2220 1634 le-

355 1680 612 1749 borares
667 1682 883 1748 subito
937 1697 1002 1749 et
1057 1680 1352 1747 oscitares
1374 1727 1399 1761 ‚
1461 1680 1626 1748 haud
1667 1678 1978 1746 invenires
2044 1681 2265 1764 quod.

353 1795 639 1868 dicerem
689 1811 822 1863 tum
884 1796 950 1862 in
1003 1796 1272 1862 tribunal
1330 1797 1707 1877 escendens„
1751 1810 2025 1866 actorem
2076 1815 2222 1866 nac·

353 1928 462 1980 tus
520 1912 836 1982 hominem
890 1912 1075 1980 vilem
1133 1914 1569 1997 abjectumque
1592 1961 1616 1996 ‚
1657 1914 1946 1998 capitali,
1992 1914 2047 1982 si
2089 1914 2219 1998 ipsi

354 2009 720 2112 videretur,
762 2030 1080 2115 supplicio
1135 2031 1522 2114 plecteretis.
1610 2030 1816 2113 Atqui
1860 2031 1965 2112 id,
2008 2049 2049 2098 o
2097 2030 2217 2102 Sn-

353 2162 598 2228 crates,
657 2146 979 2229 quomodo
1029 2145 1154 2213 dici
1198 2147 1469 2229 prudens
1535 2146 1913 2230 sapiensque
1961 2147 2216 2233 possit,

354 2262 412 2329 si
459 2282 588 2345 qua
628 2282 727 2332 ars
783 2262 1089 2347 ingenuae
1154 2262 1382 2329 mentis
1462 2277 1639 2328 nacta
1695 2264 1940 2345 virum,
2017 2266 2218 2334 reddit

353 2379 776 2460 deteriorem,
858 2394 931 2444 ut
1002 2397 1116 2445 nec
1176 2379 1297 2444 sibi
1359 2378 1485 2462 ipsi
1537 2376 1701 2444 ferre
1754 2397 1940 2461 opem
2006 2379 2218 2462 possit

351 2515 472 2564 nec
530 2513 568 2562 e
622 2494 1008 2579 gravissimis
1069 2493 1362 2579 periculis
1419 2514 1490 2561 se
1551 2510 1665 2584 aut,
1717 2495 1902 2562 alium
1967 2496 2224 2581 expedi-

353 2630 470 2693 re,
543 2610 624 2677 ab
677 2611 942 2678 inimicIs
995 2629 1148 2686 vero
1210 2609 1444 2695 opibus
1497 2612 1853 2695 spolietur,
1923 2633 2220 2697 prorsus·-

353 2747 486 2813 que
532 2726 778 2796 infamis
827 2728 892 2794 in
950 2727 1204 2796 civitate
1242 2727 1413 2794 vivat
1434 2728 1471 2793 *ἓ
1517 2726 1661 2793 Tali
1700 2728 1840 2794 viro
1864 2775 1888 2810 ‚
1933 2728 2056 2794 nisi
2095 2728 2226 2796 dics·

354 2859 427 2912 tu
491 2844 578 2913 sit
641 2843 997 2929 agrestius,
1073 2844 1176 2909 vel
1229 2844 1567 2927 colaphum
1628 2844 1911 2929 infligere
1968 2845 2224 2930 impune

354 2960 525 3032 licet.
615 2959 742 3028 Sed
794 2960 946 3025 mihi
989 2960 1171 3025 crede
1194 3005 1220 3040 ,
1265 2977 1306 3023 o
1357 2959 1560 3026 bone:
1607 2956 1780 3026 cessa
1836 2963 2105 3046 argutari
2162 2979 2227 3034 et

349 3077 577 3146 decora
649 3095 856 3144 rerum
913 3076 1119 3144 studia
1181 3094 1440 3159 capesse
1462 3123 1487 3160 ‚
1566 3076 1798 3159 quibus
1860 3097 2078 3163 sapere
2131 3080 2225 3154 vi-

355 3193 580 3264 dearis·
627 3194 692 3241 (ὓ

443 3309 618 3376 Haec
678 3310 972 3380 Callicles
1028 3309 1350 3394 ingeniose
1412 3330 1601 3395 sane,
1663 3313 1774 3378 sed
1813 3314 2072 3382 acerbez
2117 3316 2227 3389 cui
2279 3350 2287 3357 ·

357 3426 517 3494 mira
584 3426 840 3510 quadam
901 3426 1136 3494 ironiae
1190 3426 1258 3493 vi
1311 3429 1653 3511 respondet
1709 3429 2021 3496 Socrates.
2154 3430 2225 3500 Si

354 3562 614 3614 aureum
660 3561 861 3616 mem
898 3543 1172 3610 animum
1208 3557 1470 3624 nactus,
1513 3564 1556 3611 o
1598 3543 1892 3610 Callicles
1918 3590 1942 3625 ,
1984 3544 2227 3628 inquit,

353 3679 570 3730 nome
618 3674 808 3745 putas
869 3660 1157 3728 lubenter
1212 3677 1318 3726 me
1367 3673 1760 3744 reperturum
1813 3660 2085 3745 aliquem
2146 3682 2227 3734 ex

353 3777 456 3844 his
499 3776 814 3862 lapidibus
835 3824 860 3859 ,
906 3776 1143 3859 quibus
1181 3775 1493 3861 explorari
1550 3795 1769 3844 aurum
1814 3781 2020 3861 solet,
2066 3778 2238 3862 opti·

2016 3894 2226 3978 nium,

429 4031 517 4103 (ι)
556 4028 760 4103 cmg.
790 4032 900 4090 4⁸4
931 4031 1000 4088 c.
1031 4032 1134 4090 ιω
1167 4032 1248 4088 n.
