2900 4817
1466 346 1853 409 -140-..2

717 521 888 573 mum
942 506 1385 595 philosophiae
1436 507 1814 595 principium
1879 505 1947 570 in
1995 501 2142 588 ipso
2173 501 2437 569 homine
2481 517 2597 566 ex·

719 626 968 709 plorare
1042 626 1485 712 gestiebamus.
1608 625 1802 690 Nunc
1863 637 2056 701 vero,
2119 633 2460 702 postquam
2523 630 2597 680 et

716 739 843 807 hoc
879 742 1324 829 philosophiae
1361 740 1739 828 principium
1779 753 1842 806 et
1900 737 2260 822 disciplinas
2282 782 2308 817 ,
2354 734 2593 815 quibus

721 857 875 927 haec
936 877 1056 926 nos
1097 861 1175 926 ad
1211 861 1346 927 veri
1385 857 1710 927 scientiam
1758 856 1961 934 ducit,
2019 869 2082 919 et
2123 851 2591 937 exploravimus

720 958 788 1044 et
844 978 1338 1060 declaravimus,
1382 995 1657 1060 cumque
1698 977 1823 1059 jam
1875 972 2074 1038 simus
2123 972 2202 1038 de
2261 968 2405 1053 ipso
2448 967 2595 1049 phi-

719 1094 1052 1179 losophiae
1105 1093 1231 1161 fine
1272 1095 1474 1161 acturi
1498 1143 1523 1174 ‚
1569 1110 1737 1159 nunc
1764 1139 1787 1173 ,
1830 1070 2136 1171 inquam,
2183 1105 2311 1151 non
2343 1098 2588 1149 tantum

719 1227 854 1277 non
904 1210 1223 1295 rejiciendi
1286 1212 1375 1276 illi
1435 1210 1624 1276 nobis
1682 1221 1880 1286 sunt,
1958 1207 2068 1301 sed
2134 1203 2200 1269 in
2252 1201 2589 1268 consilium

641 1306 646 1311 ’
720 1326 878 1393 adeo
932 1326 1270 1394 adhibendi
1330 1326 1643 1394 videntur.
1733 1320 1893 1390 Nam
1935 1325 2224 1407 quamvis
2271 1325 2437 1407 apud
2465 1341 2589 1388 nos

726 1444 805 1510 de
837 1444 1028 1511 insito
1081 1446 1194 1512 illo
1249 1445 1440 1510 nobis
1506 1445 1638 1510 veri
1681 1461 1892 1510 amore
1961 1444 2169 1525 deque
2231 1439 2596 1524 disciplina-

727 1577 870 1628 rum
922 1561 991 1629 vi
1052 1576 1117 1627 et
1164 1562 1522 1629 efficacitate
1571 1560 1650 1627 ad
1695 1561 1979 1627 alendum
2041 1560 2330 1639 huncce,
2392 1558 2602 1625 homi-

727 1696 1002 1762 nemque
1053 1679 1119 1744 in
1183 1679 1484 1745 mundum
1553 1684 1750 1756 νοητὸν
1774 1726 1800 1758 ,
1858 1678 1925 1752 in
1995 1695 2255 1762 regnum
2314 1675 2600 1741 veritatis

725 1796 1115 1863 evehendum
1171 1810 1422 1862 constet
1446 1842 1472 1877 ,
1534 1795 1590 1860 si
1642 1814 1758 1861 nec
1810 1795 2065 1862 scientia
2130 1794 2256 1859 ulla
2307 1807 2405 1859 est
2468 1810 2591 1858 nec

724 1912 952 1982 veritas
1008 1932 1153 1979 cum
1206 1913 1469 1979 scientia
1515 1914 1849 1997 conjuncta
1877 1960 1901 1992 ,
1946 1911 2118 1976 irrita
2151 1910 2335 1976 nobis
2376 1926 2602 1993 erunt,

733 2004 897 2115 quae
950 2044 1092 2109 tam,
1146 2029 1478 2110 studiose,
1547 2044 1671 2095 tam
1748 2030 1942 2113 longo
2003 2028 2227 2094 itinere
2283 2028 2604 2111 persecuti

732 2167 980 2214 sumus.
1091 2148 1529 2229 Assequemur
1596 2145 1758 2212 enim
1838 2163 1957 2228 pro
2023 2143 2326 2226 scientia,
2410 2162 2599 2225 quam

727 2266 857 2353 jam
890 2266 1014 2348 jam
1057 2263 1245 2330 nobis
1299 2262 1584 2347 attigisse
1632 2262 2043 2342 videbamur,
2091 2262 2450 2347 opinionem
2480 2263 2605 2329 sci·

732 2379 926 2460 licet,
970 2399 1181 2447 veram
1236 2378 1406 2444 forte
1453 2380 1620 2444 illam
1651 2425 1674 2459 ,
1740 2395 1812 2445 ut
1872 2378 2206 2462 perhibent
2249 2379 2393 2461 illi,
2435 2395 2605 2446 certe

728 2495 1121 2581 probabilem
1186 2508 1251 2562 et
1299 2496 1434 2562 veri
1493 2495 1861 2561 simillimam
1884 2542 1909 2576 ,
1953 2497 2067 2563 sed
2111 2499 2445 2583 opim‘0nem
2511 2511 2603 2562 ta-

737 2588 927 2692 men,
972 2629 1132 2692 quae
1174 2609 1322 2675 item
1382 2629 1526 2677 esse
1563 2610 1717 2677 falsa
1770 2626 2035 2695 potest.·
2096 2596 2448 2680 Redeamus
2487 2614 2605 2698 igi-

733 2740 844 2793 tur
890 2726 956 2793 in
1005 2727 1124 2792 hoc
1166 2725 1342 2793 exitu
1385 2727 1851 2810 disquisitionis
1913 2744 2167 2795 nostrae
2210 2731 2306 2797 ..ad
2353 2732 2606 2813 sophis·

734 2857 941 2912 tarum
998 2844 1251 2910 illorum
1305 2844 1734 2927 similiumque
1780 2845 2314 2930 philosophorum
2369 2847 2606 2912 doctri-

729 2979 874 3028 nas.
979 2959 1050 3027 Si
1122 2960 1530 3045 probabiliter
1590 2978 1721 3051 non
1786 2976 2028 3029 tantum
2054 3010 2079 3045 ,
2159 2966 2271 3032 sed
2314 2983 2460 3032 vere
2523 2966 2603 3032 de

743 3077 1045 3163 opinione
1084 3077 1324 3145 dixisse
1371 3078 1802 3161 videbuntur,
1845 3080 2256 3147 assentiemur
2293 3080 2415 3147 iis:
2462 3100 2599 3147 nam

741 3195 919 3280 quod
969 3195 1220 3263 videtur
1268 3196 1660 3265 verissimum
1712 3214 1846 3264 tum
1897 3198 2190 3282 quidem,
2236 3197 2294 3264 si
2342 3178 2603 3266 scientia

738 3314 912 3382 nulla
957 3311 1045 3379 sit
1067 3359 1092 3394 ,
1136 3313 1320 3380 unice
1364 3314 1862 3397 amplectendum
1903 3315 2066 3398 erit3
2112 3316 2215 3382 sin
2262 3334 2416 3383 vero
2463 3335 2605 3384 sen·

739 3431 999 3497 tentiam
1047 3429 1234 3496 nobis
1287 3450 1463 3498 suam
1510 3449 1640 3497 non
1693 3434 2154 3516 persuaserint,
2217 3434 2282 3500 id
2340 3433 2605 3501 lucrabi-

747 3565 927 3629 mur,
976 3562 1047 3618 ut
1103 3548 1422 3616 scientiam
1476 3549 1553 3616 ab
1612 3550 1952 3634 opinione,
2000 3553 2172 3633 quod
2214 3553 2401 3618 nobis
2435 3569 2600 3617 nunc
2668 3617 2675 3625 ,

737 3663 1140 3750 potissimum
1188 3667 1495 3750 agendum
1550 3686 1690 3734 esse
1742 3668 2034 3736 duximus
2057 3716 2079 3749 ,
2123 3688 2295 3738 recte
2325 3669 2606 3738 didiceri-

744 3801 885 3852 mus
937 3781 1364 3865 distingueret
1414 3799 1549 3853 tum
1600 3803 1753 3851 vero
1796 3785 2111 3852 nobismet
2152 3786 2310 3869 ipsis
2352 3805 2609 3872 persua·

745 3898 1011 3967 serimus
1065 3901 1295 3986 plene,
1342 3919 1536 3970 unum
1601 3921 1742 3972 esse
1784 3902 2270 3988 philosophiae,
2316 3906 2612 3977 eundem·

2485 4046 2609 4113 que
