2900 4817
1385 502 1475 523 ...
1532 493 1785 555 104...

667 663 878 731 tnum,
921 651 999 717 ad
1040 670 1222 736 quem
1268 652 1541 720 animum
1577 655 1829 738 exigens
1872 672 2074 720 meum
2100 699 2124 735 ,
2171 652 2223 718 si
2263 652 2341 718 ab
2382 652 2529 736 ipso

661 779 832 831 recte
873 769 1083 832 cultus
1136 766 1595 851 institutusque
1635 770 2053 853 probaretur,
2100 770 2315 836 scirem
2343 815 2367 851 ,
2411 770 2531 834 mi-

664 878 738 945 hi
785 880 1069 948 sufficere
1093 929 1142 962 ‚.
1177 901 1291 952 nec
1346 884 1462 949 alia
1519 904 1683 969 opus
1747 875 1883 951 esse
1940 874 2368 969 probatione?
2431 920 2526 938 —-

664 994 988 1085 Quorsum
1052 999 1243 1080 haec,
1288 1019 1329 1064 o
1374 1001 1714 1070 Socrates?
1764 1038 1856 1055 -
1906 1003 2124 1068 Dicam
2179 1000 2293 1066 tibi
2347 1000 2527 1082 equi-

664 1113 843 1180 demz
889 1132 1118 1198 nempe
1169 1115 1483 1198 arbitror,
1526 1135 1668 1184 cum
1731 1132 1793 1184 te
1842 1133 2062 1184 nactus
2120 1116 2381 1196 fuerim,
2426 1133 2531 1183 me

655 1230 784 1316 jam
816 1231 1227 1297 desideratum
1261 1232 1431 1297 istud
1462 1225 1783 1317 negotium
1805 1234 2141 1309 invenisse.
2186 1269 2282 1287 —
2320 1233 2524 1319 Quam

665 1346 751 1413 ob
810 1347 1146 1413 caussam?
1187 1383 1280 1399 —
1322 1347 1470 1413 Scio
1525 1350 1760 1414 scilicet
1786 1396 1810 1429 ,
1854 1349 1911 1415 si
1965 1329 2212 1432 quidem
2264 1363 2334 1415 tu
2373 1346 2525 1414 milti

665 1462 1007 1529 assenseris
1060 1459 1137 1528 ‘de
1204 1462 1279 1528 iis
1303 1510 1327 1544 ,
1414 1483 1575 1545 quae
1629 1464 1871 1532 animus
1928 1484 2103 1532 meus
2182 1465 2525 1548 opinatur,

665 1578 815 1644 haec
876 1580 1001 1663 jam
1087 1578 1274 1645 unice
1340 1597 1485 1646 esse
1555 1599 1724 1647 vera.
1849 1580 2016 1648 Nam
2096 1581 2189 1656 sic
2259 1561 2473 1666 judico
2499 1626 2527 1661 ,

667 1713 856 1776 eum,
914 1696 1023 1778 qui
1080 1711 1249 1762 recte
1307 1699 1491 1781 cujus
1546 1697 1821 1764 animum
1882 1701 2320 1783 exploraturus
2379 1710 2528 1778 est,

669 1826 879 1880 utrum
897 1810 1056 1878 bene
1077 1814 1246 1878 vivat
1261 1832 1338 1878 an
1362 1815 1519 1880 male
1542 1859 1566 1895 ,
1611 1815 1729 1880 tria
1757 1829 1968 1882 tenere
1991 1829 2284 1900 oportere
2302 1862 2326 1896 ,
2371 1832 2535 1897 quae

665 1931 735 2000 in
783 1945 849 1997 te
879 1930 1089 1995 omnia
1124 1944 1275 1996 sunt
1295 1976 1318 2009 ‚
1365 1934 1686 1996 scientiam
1707 1978 1731 2012 ,
1769 1931 2238 1999 benivolentt‘am
2259 1978 2283 2012 ,
2324 1929 2532 1996 dicen·

666 2045 738 2113 da·
796 2047 1172 2113 libertatem.
1292 2047 1363 2111 In
1424 2051 1659 2113 multos
1720 2048 1884 2114 enim
1941 2067 2059 2133 ego
2118 2047 2354 2127 incidi,
2421 2046 2533 2129 qui

669 2165 996 2248 explorare
1031 2182 1130 2229 me
1174 2181 1303 2228 non
1340 2178 1651 2246 possent,
1698 2165 1869 2246 quod
1907 2183 2036 2230 non
2062 2180 2272 2230 essent
2294 2211 2318 2247 ,
2342 2183 2534 2247 prou·

669 2282 719 2347 ti
782 2295 901 2360 tu,
942 2281 1297 2364 sapientes;
1340 2281 1440 2347 alii
1499 2283 1810 2365 sapientes
1869 2281 2117 2363 quidem
2165 2296 2354 2363 sunt,
2424 2281 2536 2347 sed

665 2398 896 2464 nolunt
953 2398 1104 2462 mihi
1168 2398 1489 2464 veritatem
1545 2397 1791 2476 dicere,
1855 2398 2028 2480 quod
2088 2416 2217 2463 non
2272 2398 2396 2478 ita,
2458 2412 2533 2462 ut

667 2528 742 2578 tu
768 2559 792 2594 ,
834 2532 1044 2579 curam
1101 2514 1221 2579 mei
1271 2529 1522 2598 gerunt.
1612 2513 1921 2596 Hospites
1962 2528 2166 2580 autem
2203 2512 2319 2593 hi,
2362 2512 2534 2579 Gor-

666 2631 795 2713 gias
844 2643 908 2695 et
967 2629 1204 2709 Polus,
1250 2628 1561 2710 sapientes
1619 2630 1869 2710 quidem
1912 2644 2061 2696 sunt
2108 2631 2387 2711 mihique
2424 2630 2537 2697 be·

669 2746 884 2813 nevoli
909 2791 932 2827 ,
1015 2746 1127 2811 sed
1206 2745 1379 2811 deest
1439 2745 1518 2810 iis
1575 2745 1820 2812 dicendi
1884 2745 2181 2828 libertas,
2260 2761 2538 2829 suntque

669 2861 1150 2929 verecundiores
1173 2908 1197 2941 ,
1286 2880 1470 2942 quam
1544 2862 1797 2926 deceat:
1884 2880 2025 2927 nam
2087 2863 2305 2944 quidni
2358 2862 2486 2929 sint
2513 2908 2536 2944 ,

675 2979 915 3061 quippe
979 2978 1089 3059 qui
1140 2994 1705 3060 eoprocesserunt
1766 2979 2217 3061 verecundiae,
2263 2995 2384 3061 ut,
2427 2999 2544 3062 per

675 3097 1028 3179 pudorem,
1071 3097 1291 3160 audeat
1338 3085 1605 3175 uterque
1649 3112 1865 3160 eorum
1909 3095 2159 3161 sibimet
2200 3095 2340 3178 ipse
2380 3099 2542 3162 mul-

671 3212 757 3278 tis
815 3230 1022 3276 coram
1084 3210 1486 3290 hominibus,
1572 3211 1765 3293 idque
1821 3213 1900 3278 de
1958 3212 2145 3279 rebus
2205 3212 2537 3294 maximiS,

676 3328 985 3393 contraria
1065 3326 1294 3393 dicere.
1425 3327 1535 3394 Tu
1614 3345 1767 3395 vero
1847 3330 1997 3395 haec
2059 3328 2265 3395 omnia
2321 3343 2539 3412 tenes,

680 3446 909 3529 quibus
958 3443 1238 3510 destituti
1287 3458 1437 3509 sunt
1474 3443 1743 3509 caeteri.-
1787 3462 1987 3526 esque
2041 3444 2158 3510 rite
2211 3447 2544 3526 excultus,

676 3579 750 3629 ut
809 3562 991 3628 multi
1036 3561 1215 3627 facile
1269 3560 1477 3624 dicant
1531 3559 2057 3641 Atheniensium,
2102 3561 2383 3643 mihique
2437 3560 2549 3628 be·

672 3680 966 3745 nevolus.
1096 3676 1289 3763 Quo‘d
1355 3695 1481 3758 qua
1546 3676 1664 3740 sim
1737 3677 2101 3760 conjectura
2162 3690 2490 3742 assecutus
2517 3724 2544 3759 ,

673 3797 897 3864 dicam.
979 3793 1118 3857 Vos
1159 3810 1345 3872 esse,
1389 3792 1684 3858 Callicles
1711 3836 1735 3872 ,
1778 3791 1932 3856 novi
1974 3804 2248 3873 quatuor
2290 3790 2546 3875 sapien.-

673 3915 797 3981 tiae
847 3909 1104 3989 socios,
1168 3923 1302 3988 te,·
1336 3908 1709 3974 Tisandrum
1760 3907 2197 3990 Aphidnaeum
2225 3952 2247 3986 ‚
2294 3906 2546 3972 Andro-

674 4050 824 4099 nem
860 4025 1274 4097 Audi-orionis
1300 4074 1323 4107 ,
1367 4023 1791 4106 Nausicydem
1845 4024 2299 4106 Cholargeum.
2365 4025 2546 4122 Clam

2435 4156 2544 4206 au-
