2900 4817
295 642 477 709 Plato
513 636 844 724 usurpavit
865 637 899 701 ἲ
964 635 1067 703 Sic
1123 636 1305 719 loqui
1357 635 1706 721 praestabat
1751 634 2121 722 simpliciter
2140 681 2166 716 ,

301 776 485 839 quam
520 755 774 840 poetice
814 774 1087 822 amorem
1130 753 1303 821 omni
1365 755 1844 840 opportunitate
1894 754 2172 823 celebra-

291 890 387 941 re.
475 872 681 960 Atqui
736 891 854 939 vos
882 918 908 955 ,
972 888 1013 937 o
1071 871 1266 960 boni,
1333 871 1398 939 id
1462 871 1604 958 ipsi.
1646 872 1830 959 agitis
1884 872 1949 940 in
2007 871 2177 938 vitae

292 989 799 1074 consuetudine,
860 987 1035 1072 quod
1075 989 1142 1054 in
1184 989 1448 1058 Platone
1506 991 1996 1074 reprehenditis:
2059 1009 2177 1056 vo-

292 1123 433 1174 cem
473 1105 788 1192 usurpatis
828 1105 1160 1174 identidem
1188 1125 1478 1175 sermone
1504 1156 1530 1191 ,
1576 1108 1806 1195 linguis
1848 1107 2182 1178 Germani-

289 1222 389 1291 cis
425 1222 740 1312 propriam
760 1269 785 1306 ,
804 1222 1342 1304 vaarhcidsliefde
1363 1273 1389 1308 ,
1429 1226 1914 1296 vahrheitsliebe
1931 1247 1957 1294 .·
2002 1224 2177 1308 quod

294 1341 540 1432 pariter
593 1340 943 1428 exprimere
996 1356 1274 1410 caeterae
1326 1344 1577 1430 linguae
1614 1345 1873 1414 student
1894 1391 1918 1425 ‚
1963 1363 2186 1430 quam-

296 1456 406 1528 vis
446 1458 813 1547 hujusmodi
855 1460 1166 1528 vocabulo
1211 1473 1517 1527 carentes.
1610 1460 1713 1534 Sic
1771 1461 1941 1528 inest
2000 1461 2184 1547 inge·

298 1576 430 1650 niis
490 1578 771 1660 nostris,
817 1597 1089 1662 quorum
1153 1577 1400 1664 linguae
1444 1578 1738 1644 dicuntur
1776 1580 2034 1662 specula
2084 1596 2190 1646 es·

298 1712 418 1780 oe,
460 1699 697 1763 amoris
745 1698 926 1762 notio
950 1743 976 1778 ,
1041 1716 1237 1780 quum
1295 1697 1376 1764 de
1416 1695 1682 1764 veritate
1745 1697 2011 1781 ejusque
2052 1709 2197 1766 stu·

232 1871 238 1876 .
306 1812 425 1880 dio
471 1812 824 1899 cogitamus
886 1832 957 1880 ac
1002 1799 1395 1881 dissei-imus.
1502 1812 1821 1901 Quocirca
1845 1860 1871 1896 ,
1932 1814 2185 1897 quando

308 1947 445 1999 rem
483 1929 607 1998 rite
647 1930 1199 2016 perpenderimus,
1244 1932 1413 1998 ultro
1446 1930 1825 2015 fatebimur,
1870 1931 1936 1998 id
1981 1932 2192 2018 egisse

305 2047 378 2116 in
421 2048 540 2114 hac
577 2060 712 2112 tota
763 2046 1138 2130 quaestione
1174 2046 1496 2115 Platonem
1518 2093 1543 2130 ,
1589 2047 1766 2131 quod
1816 2065 2010 2114 unum
2065 2064 2197 2112 ma·

312 2165 484 2235 xime
516 2163 910 2250 philosopho
958 2166 1266 2252 agendum
1325 2179 1468 2247 est,
1513 2178 1586 2231 ut
1646 2166 1986 2232 naturalem
2033 2164 2192 2229 hanc

320 2282 555 2351 mentis
629 2297 887 2350 nostrae
971 2281 1297 2349 notionem
1357 2282 1870 2367 philosophando
1925 2280 2197 2364 explica-

317 2416 442 2472 ret.
549 2399 875 2468 Potuisset
932 2418 1080 2468 sane
1135 2400 1272 2466 aliis
1346 2399 1617 2466 vocibus
1678 2397 1815 2480 uti,
1885 2410 1961 2462 ut
2028 2394 2199 2462 fece·

316 2534 472 2596 runt
533 2518 858 2604 inscriptis
913 2517 1155 2603 posteri
1177 2565 1201 2600 ,
1262 2517 1329 2584 in
1391 2516 1627 2600 quibus
1664 2528 2007 2606 occurrunt
2078 2517 2201 2600 ὄρε-

316 2641 411 2727 ξις
431 2690 452 2719 ,
495 2639 694 2726 ὁρμὴ,
734 2638 1020 2724 ἐπιθυμία
1044 2682 1067 2720 ,
1112 2649 1176 2702 et
1217 2650 1621 2720 opportune,
1666 2635 1799 2701 suis
1845 2635 2004 2701 loeis
2027 2681 2053 2718 ,
2096 2632 2198 2704 his

313 2758 503 2827 etiam
552 2774 715 2826 usus
767 2769 867 2823 est
919 2755 1139 2836 Plato;
1188 2741 1313 2820 ‘sed
1363 2754 1676 2820 disserens
1720 2754 1882 2818 idem
1933 2751 2014 2818 de
2075 2752 2208 2818 hoc

321 2872 768 2962 philosophiae
832 2874 1027 2957 longe
1102 2869 1479 2957 gravissimo
1537 2883 1604 2937 et
1660 2868 1944 2953 principe
2006 2871 2151 2935 loco
2176 2916 2202 2952 ,

323 2992 488 3074 nisi,
534 2991 691 3076 quid
731 2990 817 3057 sit
854 3008 1033 3057 amor
1056 3035 1081 3071 ,
1127 2987 1409 3071 quidque
1460 2987 1541 3052 ad
1593 2986 2025 3073 explicandum
2090 2988 2209 3053 ho-

325 3109 517 3179 minis
573 3107 921 3196 ingenium.
968 3107 1371 3189 animumque
1437 3107 1642 3171 valeat
1658 3149 1686 3187 ,
1745 3104 2156 3189 explicuisset
2179 3147 2211 3189 ,

325 3241 601 3299 mentem
667 3226 811 3312 ipse
865 3244 1041 3292 suam
1095 3222 1599 3306 sententiamque
1642 3222 1988 3308 exprimere
2035 3220 2213 3290 frus-

326 3359 428 3414 tra
478 3357 807 3414 tentasset.
894 3343 984 3412 Et
1034 3361 1188 3410 vero
1249 3360 1369 3412 nos
1426 3339 1600 3426 ipsi,
1659 3340 1914 3424 quoties
1960 3339 2045 3409 de
2097 3359 2208 3408 eo·
2299 3323 2314 3332 ’

332 3461 481 3532 dem
516 3461 646 3530 hoc
689 3474 1058 3548 argumento
1097 3462 1237 3528 sive
1288 3460 1614 3544 loquimur
1649 3461 1788 3527 sive
1825 3459 2161 3528 scribimus
2183 3508 2208 3543 ,

335 3596 469 3662 quo
490 3578 1078 3647 tandemvocabulo
1110 3591 1175 3645 et
1191 3578 1480 3646 crebrius
1512 3591 1577 3646 et
1590 3577 1910 3645 lubentius
1946 3578 2212 3664 utimur,

337 3714 523 3783 quam
558 3697 785 3765 eodem
828 3696 942 3763 illo
979 3709 1204 3763 nostro
1244 3694 2059 3782 waarhaidsliefde?
2100 3700 2172 3746 <¹³

2044 3815 2216 3883 Fon·

404 3994 497 4065 (ι)
534 3993 619 4048 Ex
669 3993 865 4066 linguis
911 3994 1007 4065 qui
1040 3992 1172 4049 haec
1206 4011 1397 4050 unere
1430 3994 1746 4066 diligentius
1777 3995 1988 4063 velint,
2029 3991 2216 4052 Gne-

370 4126 494 4171 can
534 4107 811 4167 attendant
854 4108 1189 4179 praesertim.
1261 4103 1403 4162 Nm
1435 4105 1564 4177 μέν
1582 4148 1602 4175 ,
1638 4104 1780 4159 undo
1815 4105 2011 4177 μαθεῖν
2037 4139 2054 4169 ,
2100 4104 2218 4173 μά-

2118 4210 2215 4278 0¹1-
