2900 4817
1563 496 1869 541 ...ρ-.-

708 681 721 700 ’
761 684 902 757 dam
940 703 1083 756 esse
1115 686 1588 773 philosophiam
1613 737 1637 772 ‚
1683 693 1796 757 sed
1837 694 2176 776 procedere
2228 711 2358 763 eam
2409 695 2596 766 latius
2623 739 2650 783 ,

759 807 967 891 adque
1027 806 1232 871 omnis
1292 806 1539 888 generis
1595 810 2112 898 conditionisque
2162 813 2451 884 homines
2507 837 2654 900 per-

757 924 975 992 venire
1028 937 1326 1008 oportere
1345 969 1370 1003 ‚
1454 937 1531 989 ut
1579 925 1794 991 cuncti
1848 945 1928 993 ex
1993 929 2132 1013 ejus
2193 931 2408 996 studio
2475 930 2651 997 fruc·

759 1055 899 1108 tum
959 1055 1252 1125 caperent
1306 1040 1718 1109 uberrimum.
1803 1041 2164 1152 Quocirca,
2209 1043 2472 1115 remotis
2530 1047 2650 1116 im·-

758 1158 1135 1245 pedimentis
1161 1201 1185 1240 ,
1250 1157 1489 1243 quibus
1546 1155 1688 1245 ejus
1739 1145 1946 1229 aditus
2008 1163 2212 1231 adhuc
2266 1150 2475 1234 fuerat
2514 1170 2654 1255 ple-

762 1276 983 1364 risque
1036 1276 1454 1358 interclusus,
1499 1277 1863 1365 philosophi
1903 1295 1970 1349 et
2001 1281 2117 1348 sua
2153 1283 2418 1369 quique
2427 1285 2651 1370 lingua

630 1483 643 1491 ι
692 1472 703 1486 ,
758 1394 1036 1500 scribere
1086 1408 1153 1462 et
1191 1394 1451 1461 suavius
1500 1397 1978 1482 elegantiusque
2000 1446 2026 1482 ,
2083 1419 2269 1486 quam
2315 1399 2452 1469 fieri
2490 1423 2651 1471 con·

762 1523 1055 1580 sueverat
1073 1555 1099 1595 ,
1162 1511 1229 1579 ln
1265 1511 1490 1598 primis
1517 1516 1940 1610 „populariter
1982 1517 2426 1603 philosophari
2472 1519 2650 1587 insti-

756 1642 1061 1697 tuci-unt:
1105 1645 1544 1717 argumentum
1595 1647 1805 1700 autem
1827 1681 1853 1717 ,
1896 1635 2078 1720 quod
2134 1636 2646 1721 philosophando

756 1749 1198 1834 explorarent,
1263 1745 1420 1812 illud
1472 1744 1589 1814 fibi
1633 1764 2108 1834 proposuerunt
2164 1749 2428 1820 maxime
2450 1800 2476 1836 ,
2507 1772 2648 1837 quo

753 1843 1011 1960 nullum
1047 1881 1262 1933 tenere
1300 1855 1512 1952 magis'
1555 1867 1823 1950 quosvis
1871 1868 2159 1936 homines
2202 1869 2501 1953 deberet,
2544 1871 2648 1954 ip-

749 1997 915 2052 sum
939 1983 1267 2050 hominen.
1369 1982 1540 2050 Hinc
1584 1984 2065 2070 disquisitiones
2120 1987 2353 2053 multae
2412 1988 2651 2056 variae·

755 2115 888 2202 que
924 2100 1009 2168 de
1050 2099 1314 2167 historia
1355 2100 1760 2169 humanitatis
1782 2150 1807 2184 ,
1875 2103 2115 2189 quibus
2158 2117 2224 2169 et
2259 2103 2535 2170 hominis
2577 2119 2646 2172 et

751 2215 1000 2305 'generis
1048 2217 1303 2285 humani
1342 2231 1564 2286 natura
1598 2237 1670 2284 ac
1715 2219 1885 2286 varia
1937 2220 2122 2287 variis
2181 2221 2340 2288 locis
2391 2236 2647 2305 tempo-

749 2336 1061 2425 filiusque
1110 2336 1393 2415 conditio
1454 2329 1912 2422 exponebatur.
2021 2337 2192 2403 Hinc
2245 2338 2642 2406 eruditorum

740 2455 1144 2527 consuetudo
1160 2502 1186 2538 ,
1252 2469 1330 2523 ut
1348 2502 1374 2538 ,
1431 2455 1883 2540 quodcumque
1935 2468 2270 2524 tractaoent
2317 2456 2646 2524 doctrinae

747 2592 950 2672 genus
974 2620 999 2657 ,
1043 2573 1353 2664 principia
1406 2575 1547 2676 ejus
1585 2574 1888 2641 ducerent
1935 2593 2014 2641 ex
2055 2574 2329 2640 hominis
2385 2589 2638 2646 natura.

746 2692 920 2790 Hinc
955 2692 1237 2784 studium
1277 2671 1635 2777 praesertim
1654 2691 2192 2780 philosophorum
2226 2691 2594 2759 acerrimum
2616 2739 2644 2774 ,

748 2830 886 2900 quo
923 2819 1197 2879 mentem
1239 2809 1572 2876 humanam
1623 2808 1996 2895 Indagabant
2013 2855 2039 2891 ,
2095 2810 2369 2894 ejusque
2403 2807 2644 2875 discer-

749 2949 902 3006 nere
970 2923 1301 2997 facultates
1361 2926 1642 2995 diversas
1715 2927 2080 2994 tentabant:
2164 2927 2336 2994 unde
2387 2925 2642 2994 criticae

740 3025 1195 3136 philosophiae
1250 3057 1317 3112 et
1358 3061 1591 3114 nomen
1636 3043 1878 3112 exstitit
1925 3043 2152 3111 deinde
2184 3057 2248 3109 et
2283 3044 2637 3110 auctoritas

738 3147 1017 3250 ‘'summa.
1125 3164 1255 3231 Sed
1306 3163 1456 3230 hinc
1519 3165 1701 3230 etiam
1746 3159 2033 3228 infinitus
2073 3161 2380 3256 librorum
2415 3178 2645 3229 nnme-

743 3300 856 3352 rus
876 3328 903 3365 ,
947 3280 1062 3368 qui
1113 3280 1325 3347 ubivis
1382 3281 1752 3364 prodierunt
1792 3280 1872 3347 de
1915 3293 2082 3347 recte
2117 3277 2469 3346 excolendo
2517 3278 2645 3345 ho-

747 3399 964 3482 mine,
1048 3399 1096 3466 i.
1163 3417 1225 3466 e.
1252 3445 1279 3480 ,
1362 3398 1444 3466 de
1506 3417 1854 3484 puerorum
1906 3396 2281 3465 educatione
2328 3397 2412 3464 de
2461 3396 2643 3482 opti·

726 3493 855 3587 ’ma
894 3517 1165 3596 docendi
1206 3515 1311 3581 via
1361 3528 1425 3581 et
1482 3515 1722 3582 ratione
1744 3564 1772 3598 ,
1834 3515 1915 3582 de
1960 3513 2265 3581 doctrinis
2322 3514 2406 3581 ad
2454 3533 2641 3582 com·

727 3617 1005 3702 'munem
1066 3633 1350 3699 omnium
1423 3651 1612 3698 usum
1683 3648 1751 3700 et
1809 3631 2140 3700 utilitatem
2212 3613 2588 3698 adhibendis
2611 3650 2638 3701 ε

751 3751 1014 3819 οιιιιιίιιο
1039 3796 1066 3830 ,
1135 3764 1209 3816 ut
1256 3768 1389 3817 rem
1456 3751 1676 3835 paucis
1726 3751 2110 3836 complectar
2132 3796 2160 3831 ,
2212 3749 2486 3818 scholam
2531 3769 2642 3818 re·

746 3869 941 3957 Bqtsie
990 3866 1383 3957 philosophia
1448 3884 1512 3937 et
1562 3872 1817 3940 νουσα·
1873 3871 1947 3936 in
2009 3869 2326 3937 hominum
2376 3869 2522 3937 Ince
2567 3881 2638 3935 et

724 3971 1103 4055 ‘celebritate
1139 3986 1363 4072 coepit.
2129 3973 2138 3978 ’

2507 4095 2634 4165 Sed
