2900 4817
1384 478 1771 541 -108—

678 653 904 722 iccirco
953 652 1230 719 ‘oratoria
1291 655 1586 734 quaedam
1645 656 1967 741 popularis
1993 655 2028 725 ⁴?
2069 676 2283 728 nonne
2324 660 2542 733 foren-

679 769 769 836 sis
813 770 898 837 sit
954 770 1108 835 adeo
1150 770 1564 850 eloquentia?
1624 773 1731 838 An
1780 791 1933 840 vero
1989 774 2107 840 tibi
2164 775 2332 842 aliud
2378 780 2536 862 quid

672 908 855 974 agere
909 892 975 954 in
1032 886 1406 971 spectaculis
1451 887 1744 954 videntur
1811 893 2078 972 poetae,
2124 911 2311 974 quam
2363 902 2534 980 ῥητο-

669 1011 852 1092 ρεύειν
872 1005 906 1070 ⁴?
928 1044 1017 1058 —-
1057 1004 1210 1069 Non
1254 1003 1444 1071 aliud.
1464 1041 1553 1056 —-
1587 1004 1778 1071 Nunc
1813 1005 2004 1092 igitur
2024 1007 2376 1075 invenimus
2408 1029 2532 1077 nos

670 1122 1086 1206 eloquentiam
1106 1168 1131 1201 ,
1195 1137 1354 1202 quae
1403 1120 1585 1185 talem
1626 1132 1868 1202 spectat
1926 1123 2232 1205 populum
2254 1170 2278 1204 ,
2324 1124 2529 1207 qualis

670 1239 885 1325 pueris
926 1235 1348 1319 foeminisque
1390 1235 1620 1319 pariter
1658 1255 1729 1302 ac
1773 1237 1928 1303 viris
1953 1285 1978 1319 ,
2020 1255 2085 1305 et
2123 1239 2325 1306 servis
2367 1242 2533 1325 pari·-

669 1373 768 1424 ter
820 1373 891 1421 ac
941 1351 1154 1420 liberis
1210 1350 1572 1419 hominibus
1613 1367 1910 1420 constat:
1980 1374 2166 1437 quam
2198 1375 2331 1424 non
2362 1375 2531 1444 mag-

671 1489 911 1559 nopere
953 1469 1353 1536 admiramur:
1413 1474 1734 1549 κολακικῆν
1790 1474 1915 1556 γὰρ
1956 1477 2145 1552 αὐτὴν
2181 1479 2392 1560 φαμὲν
2447 1474 2532 1545 ἆ.

673 1612 806 1664 voeet
853 1588 1283 1656 adulandam
1343 1588 1504 1651 enim
1560 1606 1686 1652 csse
1717 1590 2295 1674 pronum-iuvimus.
2354 1588 2526 1676 Quid

672 1727 830 1775 vero
872 1705 978 1771 illa
1033 1702 1394 1785 eloquentia
1415 1747 1442 1782 ,
1492 1720 1655 1783 quae
1699 1702 1777 1767 ad
1817 1705 2132 1786 populum
2181 1704 2531 1773 Athenien-

671 1826 836 1893 sium
887 1835 1293 1902 caeterosque
1343 1817 1410 1882 in
1471 1817 1608 1884 aliis
1648 1818 2014 1888 civitatibus
2065 1822 2393 1905 populos,
2435 1822 2532 1888 in-

675 1940 898 2028 genuis
958 1936 1203 2003 civibus
1267 1949 1634 2001 constantes
1661 1982 1686 2019 ,
1755 1951 2143 2020 usurpatur,
2208 1938 2371 2021 quid
2412 1958 2529 2005 no-

671 2059 772 2125 bis
841 2057 990 2122 haec
1047 2052 1197 2120 est?
1283 2051 1618 2135 Numquid
1692 2053 1809 2119 tibi
1873 2054 2168 2121 videntur
2247 2070 2527 2125 oratores

671 2174 914 2260 optimo
948 2170 1154 2238 dicere
1208 2167 1546 2252 proposito
1569 2214 1594 2246 ‚
1655 2169 1805 2234 illuc
1853 2170 2249 2260 intendentes
2288 2172 2524 2254 aciem,

663 2305 744 2355 ut
777 2306 959 2370 quam
992 2281 1407 2378 optimigfiant
1460 2301 1570 2365 per
1611 2282 1891 2366 ipsorum
1934 2304 2257 2354 sermones
2296 2288 2468 2356 cives
2488 2290 2523 2356 ’ἓ

672 2409 778 2474 An
831 2421 985 2470 vero
1043 2401 1110 2467 hi
1168 2400 1317 2465 item
1359 2399 1683 2484 gratificari
1748 2400 1996 2469 civibus
2056 2402 2392 2487 nituntur,
2459 2420 2525 2473 et

671 2521 892 2591 salutis
962 2536 1111 2585 suae
1183 2515 1453 2583 studiosi
1487 2563 1512 2597 ,
1572 2517 1859 2600 publicae
1928 2519 2312 2605 negligentes
2344 2568 2370 2603 ,
2446 2537 2522 2587 ut

673 2638 891 2728 pueris
939 2648 1206 2701 utuntur
1244 2621 1501 2716 'populis
1537 2678 1561 2713 ,
1601 2647 1794 2716 atque
1843 2634 2161 2722 indulgete
2202 2637 2326 2704 illis
2364 2640 2526 2705 dut-

671 2771 836 2826 taxat
900 2768 964 2821 et
1023 2753 1265 2835 placere
1319 2763 1667 2831 conantur-3
1712 2764 1928 2819 utrum
2012 2772 2167 2820 vero
2229 2755 2518 2823 meliores

671 2880 759 2945 ita
801 2893 880 2941 an
911 2869 1253 2940 deteriores
1284 2867 1434 2935 fiant
1454 2915 1480 2949 ,
1522 2866 1683 2934 nihil
1726 2883 1950 2936 curant
1969 2871 2004 2937 2
2045 2906 2138 2923 —
2161 2871 2287 2939 Hic
2328 2872 2526 2941 Calli·

668 2997 847 3073 cles,
889 3006 1072 3074 aegre
1130 2987 1279 3052 haec
1327 3003 1795 3067 concessurus,
1857 3004 1991 3052 non
2048 2987 2318 3071 simplex
2374 3003 2521 3071 est,

668 3110 912 3193 inquit,
976 3105 1149 3189 quod
1185 3121 1356 3171 nunc
1398 3120 1623 3184 rogas:
1670 3118 1823 3170 sunt
1873 3102 2037 3170 enim
2060 3151 2086 3185 ,
2132 3105 2291 3187 qui,
2337 3106 2522 3187 quid-

672 3226 826 3312 quid
867 3223 1084 3289 dicunt
1107 3266 1130 3302 ,
1172 3220 1249 3286 ad
1305 3221 1568 3287 salutem
1616 3218 1848 3286 civium
1899 3220 2149 3288 dicunt:
2210 3237 2364 3290 sunt
2414 3241 2527 3291 ve-

666 3364 741 3412 ro
805 3342 983 3409 etiam
1009 3387 1034 3421 ,
1100 3338 1314 3419 quales
1351 3350 1426 3404 tu
1483 3337 1767 3404 nat-lasti.
1810 3372 1906 3391 -
1946 3337 2119 3404 Tum
2179 3340 2514 3408 Socrates:

642 3474 733 3528 ‘at
789 3456 1065 3536 sufficit,
1109 3453 1239 3521 ait:
1279 3471 1419 3519 nam
1461 3452 1518 3519 si
1569 3468 1634 3519 et
1697 3454 1821 3520 hoc
1861 3473 2063 3539 genus
2100 3457 2335 3540 duplex
2376 3472 2517 3540 est,

663 3577 918 3644 alterius
948 3588 1153 3641 totum
1185 3570 1508 3656 negotium
1544 3570 1832 3638 adulatio
1865 3571 1987 3639 erit
2009 3574 2342 3658 turpisque
2366 3595 2523 3642 con-

661 3692 974 3759 cionatio:
1020 3689 1275 3756 alterius
1319 3707 1475 3754 vero
1531 3707 1629 3754 res
1670 3688 2079 3772 pulcerrima,
2124 3691 2379 3757 studere
2420 3692 2522 3758 vi·

659 3809 934 3887 delicet,
964 3818 1037 3870 ut
1102 3824 1284 3887 quam
1332 3804 1555 3887 optimi
1593 3803 1790 3871 futuri
1845 3805 1976 3872 sint
2011 3804 2247 3874 civium
2280 3808 2469 3875 animi
2493 3858 2518 3890 ,

658 3923 1065 4006 certatimque
1113 3921 1350 4004 optima
1384 3920 1628 4002 dicere,
1699 3922 1836 3989 sive
1867 3938 2038 4010 grata
2067 3922 2356 3993 accidunt
2409 3946 2521 3993 au-

647 4042 974 4116 dientibus
1027 4039 1162 4106 sive
1181 4037 1466 4123 ingrata.

2402 4161 2524 4227 Sed
