2900 4817
1144 485 1448 552 ...7-

355 682 636 768 procedit
670 699 906 766 suum,
950 696 1017 750 et
1054 684 1335 766 gentium
1375 682 1504 750 fuit
1535 682 1876 751 cultiorum
1900 683 2231 770 omnium,

345 801 440 869 ita
496 801 561 874 in
613 799 839 886 primis
895 801 1340 888 philosophiae
1395 802 1482 869 sit
1541 819 1803 870 necesse
1844 814 1983 869 est.
2042 803 2232 887 quip-

338 940 429 1006 pe
495 938 656 1002 quae
706 933 852 986 ante
904 934 1144 987 caetera
1197 921 1405 986 omnia
1462 918 1781 1001 hominis,
1852 917 1994 987 sive
2032 917 2224 987 animi

336 1036 603 1104 humani
624 1085 649 1120 ‚
712 1050 994 1105 naturam
1015 1083 1044 1119 ‚
1088 1037 1293 1144 studia
1319 1085 1343 1117 ‚
1388 1034 1848 1122 perfectionem
1887 1017 2173 1120 explorat
2195 1084 2222 1122 ,

339 1169 487 1225 tum
541 1156 729 1225 etiam
790 1157 926 1225 dux
991 1174 1133 1223 esse
1206 1154 1452 1221 homini
1516 1155 1704 1222 debet
1724 1201 1753 1238 ‚
1832 1167 1908 1221 ut
1963 1169 2225 1223 naturae

330 1272 453 1340 via
510 1273 589 1344 ad
656 1271 1022 1359 sapientiam
1078 1273 1346 1339 accedat.
1449 1273 1579 1340 Est
1636 1286 1846 1339 autem
1908 1273 2222 1360 ejusmodi

333 1390 709 1480 progressio
753 1390 1025 1472 haecce,
1069 1405 1146 1455 ut
1185 1408 1355 1456 nunc
1403 1390 1652 1457 demum
1711 1390 1777 1456 in
1821 1389 2034 1480 ipsum
2075 1389 2224 1477 phi-

335 1507 673 1594 losophiae
716 1526 977 1593 regnum
995 1554 1021 1592 ,
1066 1507 1244 1591 quod
1285 1507 1447 1575 idem
1495 1523 1596 1574 est
1645 1508 1927 1576 veritatis
1946 1555 1973 1591 ‚
2017 1509 2220 1577 simus

333 1625 733 1711 perventuri.
822 1611 992 1693 Nam
1015 1671 1038 1706 ,
1083 1624 1291 1709 pulcri
1348 1621 1644 1691 tradenda
1682 1624 1951 1693 scientia
1973 1672 2001 1711 ‚
2041 1648 2226 1714 prae-

332 1743 583 1830 paravit
621 1761 745 1812 nos
807 1742 1271 1826 quodammodo
1326 1741 1646 1842 Diotimae
1703 1761 1912 1811 sermo
1930 1789 1957 1826 ‚
1999 1753 2075 1812 ιιι
2111 1764 2223 1814 ve·

332 1881 481 1929 rum
520 1881 558 1928 a
596 1861 811 1946 specie
828 1858 1410 1949 distingueremus3
1456 1861 1625 1928 n'unc
1653 1879 1851 1945 vet-0,
1899 1862 2052 1947 quid
2081 1865 2222 1950 ipsa

333 1978 598 2058 scientia
654 1980 782 2060 sit,
826 1979 1156 2064 diligenter
1195 1978 1470 2062 dataque
1532 1982 1731 2066 opera
1782 1982 2215 2064 exquiremus.

330 2096 441 2167 De
479 2114 610 2163 uno
673 2096 899 2186 pulcro
940 2097 1182 2182 egimus
1228 2097 1533 2165 hactenus
1559 2146 1586 2181 ‚
1627 2116 1748 2167 nec
1797 2116 1908 2196 estK
1947 2120 2096 2169 sane
2123 2083 2219 2174 ad

330 2214 488 2280 haec
545 2213 758 2281 studia
818 2201 1165 2281 inchoanda
1223 2214 1515 2283 blandius
1561 2214 1999 2301 efficaciusque
2055 2220 2224 2289 invi-

322 2344 728 2432 tamentum3
774 2349 946 2398 nunc
1009 2349 1165 2399 vero
1245 2332 1325 2399 de
1365 2319 1557 2408 rebus
1618 2335 1916 2404 omnibus
1963 2356 2089 2420 qua
2130 2338 2219 2411 sit

326 2449 571 2517 ratione
660 2448 1065 2536 judicandum
1096 2496 1147 2533 ,.
1208 2431 1640 2536 dispiciemus.
1772 2431 2215 2541 Reliquendu's

328 2568 592 2634 omnino
647 2564 836 2632 nobis
903 2565 1110 2651 ἔρωτος
1171 2543 1283 2634 hic'
1330 2571 1604 2636 mundus
1670 2569 1832 2654 erit,
1930 2592 2214 2645 errorum

318 2685 754 2769 falsarumque
822 2684 1198 2769 opinionum
1260 2676 1531 2770 plenus}
1602 2689 2062 2758 escendendum
2105 2659 2218 2760 au,-

322 2816 457 2871 tem
509 2802 577 2868 in
633 2801 941 2872 mundum
985 2807 1225 2883 νοητὸν,
1282 2802 1398 2869 ubi
1440 2806 1657 2902 lucent
1714 2804 1887 2874 ideae
1939 2825 2158 2876 omnes
2185 2851 2213 2895 ,

330 2937 493 3004 quas
550 2918 662 3005 qui
700 2935 835 2987 non
904 2919 1113 2990 animo
1153 2921 1483 3005 perspexit
1505 2968 1529 3004 ‚
1574 2920 1901 2992 veritatem
1951 2922 2016 2992 in
2049 2899 2222 3012 judi-

202 3082 209 3088 ι
323 3036 528 3104 cando
566 3027 822 3120 assequi
872 3039 1048 3106 nulla
1087 3038 1335 3107 ratione
1371 3053 1615 3122 potest.

402 3155 532 3224 Est
580 3171 881 3242 magnum
924 3172 1079 3222 sane
1136 3155 1296 3224 illud
1359 3168 1426 3224 et
1467 3156 1741 3226 sublime
1760 3203 1787 3239 ‚
1833 3176 1966 3244 quo
2008 3160 2217 3230 tendi-

318 3290 492 3341 mus.
580 3269 1033 3342 Verumtamen
1092 3269 1251 3356 quid
1299 3270 1545 3341 homini
1582 3272 1804 3340 utilius
1825 3320 1851 3354 ‚
1897 3273 2051 3356 quid
2083 3253 2218 3346 ma·-

320 3389 424 3477 gis
484 3388 553 3457 in
611 3385 746 3454 vita
803 3387 1229 3457 necessarium
1268 3401 1367 3456 est
1390 3435 1417 3472 ‚
1462 3409 1654 3477 quam
1712 3403 1883 3459 recte
1935 3392 2217 3478 judicare

322 3523 679 3588 verumque
735 3523 990 3573 cernere
1005 3504 1042 3571 2
1128 3504 1201 3572 Id
1268 3520 1479 3576 autem
1537 3508 1610 3576 in
1661 3506 1852 3575 rebus
1925 3512 2212 3586 maximis

319 3623 842 3712 gravissimisque
909 3623 1163 3707 assequi
1179 3670 1207 3706 ,
1292 3605 1528 3696 nemini
1585 3628 1941 3730 mortalium
2013 3631 2164 3702 licet
2181 3679 2211 3717 ,

316 3741 445 3808 nisi
476 3740 589 3807 eui
630 3757 808 3807 mens
851 3739 1228 3821 animusque
1287 3739 1366 3805 ab
1418 3739 1520 3808 his
1578 3759 1787 3812 rerum
1858 3746 2100 3852 umbris
2144 3763 2212 3818 et

318 3857 673 3927 simulacris
696 3905 721 3941 ‚
768 3857 1004 3941 quibus
1034 3877 1183 3943 per
1188 3875 1416 3927 sensus
1460 3839 1858 3966 decipimur,
1906 3877 2086 3934 totus
2099 3867 2211 3964 sit

314 3978 399 4046 ad
458 3993 562 4045 res
623 3978 790 4062 ipsas
813 4022 838 4061 ,
915 3977 993 4045 ad
1035 3975 1167 4044 veri
1233 3976 1402 4046 ideas
1463 3977 1775 4064 perfectas
1824 3999 2200 4054 conversus.

2064 4101 2207 4172 Nee
