2900 4817
1153 452 1285 479 -··-
1309 432 1451 503 ‘149
1496 452 1582 473 -

434 607 512 673 ad
571 604 1008 672 inveniendum
1068 605 1262 688 quod-
1288 603 1702 688 quaerebatur
1729 649 1755 685 ‚
1810 588 2296 674 accommodatass

435 723 642 791 Abusi
725 738 874 789 sunt
939 724 1013 787 ea
1106 736 1252 787 tam.
1293 719 1580 802 antiqui,
1666 736 1849 800 quam
1940 721 2306 788 recentioris

429 840 567 907 aevi
616 840 1025 924 philosophi,
1069 826 1146 906 et*
1186 856 1341 904 vero
1382 836 1473 903 sic
1517 849 1670 903 sunt
1724 834 1906 929 abusi
1934 881 1958 917 ,
2005 849 2077 900 ut
2104 880 2131 918 ,
2176 840 2305 918 qut

430 956 760 1039 disciplina
829 958 1001 1023 nulla
1066 970 1234 1023 esset
1290 956 1367 1022 ad
1434 953 1757 1022 excitanda
1818 951 2067 1036 ingenia
2121 970 2305 1036 repe-

431 1072 830 1157 riendamque
884 1072 1208 1139 veritatem
1253 1071 1465 1155 apt-ior
1487 1116 1513 1151 ‚
1575 1071 1790 1138 eidem
1832 1069 2000 1136 nulla
2055 1064 2302 1138 videre-4

431 1200 534 1253 tur
572 1189 693 1273 ipsi
736 1189 1223 1273 philosophiae,
1269 1188 1316 1254 i.
1360 1205 1420 1254 e.
1468 1185 1805 1269 sapientiae
1835 1187 2047 1256 studio
2076 1235 2100 1269 ‚
2144 1206 2300 1255 con-

427 1306 610 1372 traria
687 1304 913 1391 magis.
1043 1305 1209 1370 Nam
1280 1303 1360 1369 ad
1412 1305 1614 1372 nullas
1705 1312 1838 1369 non
1884 1304 2241 1387 opiniones
2267 1310 2355 1385 ‚'‘

425 1421 718 1505 quamvis
775 1422 960 1488 etiam
1012 1435 1080 1487 et
1134 1422 1436 1487 absurdas
1505 1434 1570 1487 et
1631 1419 1878 1487 veritati
1947 1417 2299 1504 repugnan-

425 1554 524 1605 tes
545 1585 569 1620 ,
613 1536 1126 1623 syllogismorum
1190 1537 1257 1602 vi
1300 1514 1364 1604 et
1398 1538 1769 1603 auctoritate
1805 1538 2066 1605 tuendas
2108 1556 2303 1603 usur·

427 1664 570 1739 pata
617 1668 740 1722 est.
827 1654 1250 1721 Veruntamen
1296 1654 1432 1738 ipsa
1490 1654 1824 1720 methodus
1847 1701 1871 1737 ,
1915 1668 1989 1721 ut
2040 1653 2300 1739 exposi-

364 1830 370 1835 .
426 1790 487 1836 ta
545 1774 620 1838 ab
674 1770 1024 1839 Aristotele
1058 1769 1308 1854 fuerat,
1351 1789 1482 1837 non
1545 1769 1801 1853 minus,
1844 1780 2030 1853 quam
2076 1774 2297 1838 induc-

421 1888 514 1957 tio
563 1904 627 1954 et
695 1888 965 1973 analysis
986 1934 1016 1972 ,
1081 1905 1339 1957 naturae
1401 1902 1530 1955 erat
1591 1902 2009 1956 consentanea
2028 1937 2053 1971 ,
2100 1902 2298 1956 recto-

421 2025 547 2089 que
577 2004 859 2073 adhibita
900 2004 1165 2091 ingeniis
1197 2008 1503 2089 juvenum
1532 2053 1557 2085 ‚
1605 2007 1687 2073 ad
1729 2006 2024 2074 firmanda
2067 2005 2167 2072 illa
2222 2020 2287 2073 et

322 2138 332 2153 ·
416 2122 881 2188 corroboranda
910 2168 932 2202 ‚
978 2122 1105 2185 lino
1151 2140 1303 2188 vero
1360 2122 1439 2186 ad
1492 2121 1816 2188 veritatem
1873 2142 2284 2207 propugnan-

421 2240 559 2305 dam
629 2237 874 2303 naviter
947 2250 1139 2317 atque
1232 2237 1310 2300 ab
1392 2236 1682 2303 inanibus
1780 2237 2308 2304 cavillationibus-

339 2386 354 2405 ο
418 2352 710 2421 tuendam
778 2351 1022 2419 valebat
1084 2337 1356 2436 egregie.
1441 2353 1796 2437 Attigimus
1840 2354 1988 2419 haec
2046 2374 2233 2438 supra
2261 2404 2293 2436 ,

417 2489 662 2551 quum,
704 2468 997 2553 apposita
1057 2469 1498 2554 syllogistici,
1546 2471 1855 2538 declarare
1905 2471 2290 2540 Socraticam·

415 2577 841 2644 inductionem
905 2595 1321 2644 conaremur:
1407 2596 1524 2644 nec
1582 2577 1772 2664 hujus
1830 2593 1930 2646 est
1968 2581 2165 2661 loci,
2210 2592 2281 2646 ea

416 2715 610 2779 porro
649 2693 973 2776 persequi.
1061 2694 1189 2760 Sed
1210 2739 1235 2773 ‚
1280 2693 1576 2776 explicita
1613 2695 1852 2777 analysi
1912 2695 2224 2762 Platonica
2253 2742 2273 2774 ‚

415 2810 744 2893 exquirere
811 2826 979 2875 nunc
1037 2810 1260 2893 juvat,
1348 2807 1502 2889 quid
1570 2808 1812 2874 Platoni
1892 2811 2282 2877 Aristoteles

411 2946 558 2995 cum
610 2926 904 2992 universe
957 2923 1033 2989 ad
1078 2922 1446 2989 tractandam
1507 2921 1886 2988 dialecticam
1910 2970 1935 3005 ‚
1996 2938 2131 2990 tum
2176 2942 2285 2990 ve-

414 3065 489 3113 ro
557 3043 741 3112 etiam
802 3043 880 3109 ad
942 3042 1100 3136 hanc
1162 3039 1364 3124 ipsam
1428 3040 1869 3123 explanandam
1929 3040 2285 3126 syllogisti-

412 3183 545 3231 cam
608 3162 910 3228 rationem
961 3159 1257 3227 debuisse
1303 3158 1610 3224 videatur.

496 3278 733 3371 Ubivis
787 3278 1162 3345 Aristoteles
1229 3276 1294 3342 in
1354 3275 1611 3359 scriptis
1670 3275 1804 3341 suis
1868 3274 2100 3342 refutat
2140 3277 2281 3344 Pla-

412 3410 626 3462 tone·
652 3415 674 3459 ε
742 3393 908 3460 unde
962 3393 1111 3459 haec
1184 3393 1425 3459 exstitit
1479 3395 1822 3460 multorum
1886 3393 2274 3462 eruditorum

410 3512 681 3599 opinio,
765 3527 905 3577 esse
970 3512 1109 3596 ejus
1211 3502 1555 3576 doctrinam
1637 3527 1902 3597 prorsus
1977 3511 2287 3596 omnique

408 3646 589 3727 parte
640 3614 996 3697 Platonicae
1036 3626 1431 3694 contrariam.
1487 3606 1653 3714 ⁸Qui
1696 3646 1872 3694 error
1937 3648 2015 3696 eo
2081 3645 2144 3698 et
2188 3632 2291 3697 la.:

381 3750 538 3817 'tius
595 3745 830 3830 serpsit
889 3759 954 3812 et
1013 3744 1279 3811 invaluit
1336 3743 1530 3827 magis
1551 3787 1577 3825 ,
1650 3764 1781 3826 quo
1844 3748 2278 3816 vehementius

361 3886 367 3893 ’
410 3883 484 3933 se
536 3863 872 3950 aliqmndo
935 3861 1302 3947 impugnare
1357 3861 1691 3943 utriusque
1748 3863 2120 3949 philosophi
2172 3882 2275 3930 as-

411 3984 658 4065 seclae,
693 3978 1023 4051 -Platonici
1061 3992 1136 4045 -et
1183 3977 1575 4047 Aristotelici
1632 3994 2003 4065 coeperunt.
2052 3980 2277 4046 Fatenae

2116 4099 2278 4170 dum
