2900 4817
1416 469 1814 550 3-132-1-

677 629 928 714 ‘celeret
987 644 1272 713 maxime.
1359 645 1657 731 Legenti-
1688 659 1863 715 certe
1914 648 2172 718 ethaec
2228 648 2348 719 viri
2392 670 2556 737 ope.¹

684 785 750 831 ra
801 763 1110 849 palmaria·
1135 779 1199 831 et
1254 760 1697 831 Memorabilia
1759 764 1903 832 item
1926 811 1953 846 ‚
2017 767 2128 833 vix
2167 768 2322 835 mihi
2373 770 2564 855 quid·

686 901 873 965 quam
936 881 1250 962 occurrit,
1309 881 1465 965 quin
1521 883 1828 965 admirer3
1878 885 1942 950 in
1988 883 2100 950 illo
2146 903 2301 953 vero
2358 906 2559 971 opus·

681 1001 832 1066 culo
883 1016 1016 1065 non
1075 1018 1277 1084 pauca
1337 1012 1586 1066 exstant
1607 1047 1633 1083 ‚
1677 1000 1744 1066 in
1801 1001 2035 1088 quibus
2099 1002 2209 1070 vix
2255 1022 2558 1089 agnosce-

686 1105 755 1184 re
794 1116 1106 1202 integrum
1138 1117 1313 1182 illum
1346 1118 1791 1202 Xenophontis
1834 1107 2401 1206 incorruptumque
2431 1125 2558 1191 ele·

687 1236 933 1323 ‘gantiae
993 1251 1249 1302 sensum
1270 1234 1487 1317 ,glicet.
1580 1233 1858 1303 Videtur
1923 1252 2187 1321 auctor,
2251 1241 2428 1323 quod
2490 1241 2557 1309 in

688 1355 976 1425 Luciano
1032 1352 1596 1420 animadvertemus
1637 1354 2003 1439 praesertim
2029 1402 2055 1438 ‚
2097 1356 2409 1425 levitatem
2451 1378 2563 1425 co·

686 1476 994 1542 micorum
1031 1491 1178 1540 cum
1228 1470 1542 1538 Socratica
1598 1470 1841 1540 ratione
1891 1476 2275 1561 conjungere
2315 1477 2561 1545 voluis·

688 1610 800 1662 se:
891 1592 1067 1676 quod
1126 1607 1243 1657 nec
1306 1588 1518 1656 voluit
1575 1607 1692 1657 nec
1754 1587 1908 1658 fecit
1959 1592 2163 1660 Plat0.
2294 1593 2553 1661 Utinam

684 1729 840 1779 vero
861 1707 1227 1776 Aristotelis
1247 1721 1653 1790 superessent
1687 1707 1915 1794 dialogi
1934 1757 1959 1791 ‚
1985 1725 2151 1793 quos
2188 1710 2292 1778 hic
2320 1714 2556 1779 multos

686 1841 753 1896 et
793 1823 1081 1913 egregios
1123 1821 1457 1907 scripsisse
1508 1822 1776 1891 dicitur!
1824 1825 1968 1893 Hos
2013 1846 2243 1913 operae
2277 1828 2554 1913 pretium

683 1942 860 2015 'oeset
906 1961 1053 2011 cum
1099 1940 1438 2009 Platonicis
1481 1939 1793 2009 conferre.
1838 1953 1843 1962 ·
1877 1942 2043 2010 Nam
2065 1989 2092 2024 ‚
2131 1958 2207 2010 ut
2244 1964 2360 2012 sua
2397 1964 2553 2012 usus

686 2075 786 2129 est
846 2060 915 2128 in
968 2057 1481 2143 philosophando
1537 2072 1601 2125 et
1643 2058 1888 2127 ratione
1942 2076 2007 2127 et
2056 2062 2381 2144 oratione,
2427 2063 2558 2145 ita,

686 2195 834 2247 cum
909 2175 1210 2243 scriberet
1287 2173 1572 2260 dialogos
1595 2224 1620 2258 ‚
1708 2176 2034 2263 probabile
2089 2195 2188 2247 est
2207 2209 2255 2264 ,·
2318 2182 2376 2249 si
2426 2201 2561 2250 non

687 2297 913 2366 inelius
939 2343 966 2378 ‚
1008 2293 1319 2379 peculiare
1358 2294 1529 2360 hunc
1570 2310 1741 2362 certe
1787 2296 2175 2382 dialogorum
2218 2317 2418 2384 genus
2464 2301 2562 2367 in·

685 2415 966 2484 duxisse.
1097 2411 1254 2481 Non
1312 2412 1478 2479 enim
1536 2412 1850 2479 subtilitas
1914 2413 2198 2500 ingenii,
2283 2431 2357 2484 ut
2410 2434 2560 2485 sunt

689 2532 1114 2617 quiputent,
1159 2527 1531 2613 prohibuit,
1576 2548 1710 2611 quo
1768 2528 1978 2598 minus
2020 2534 2333 2617 eleganter
2371 2536 2561 2602 simul

690 2662 755 2714 et
806 2659 987 2713 acute
1038 2642 1363 2711 scriberet.
1497 2643 1899 2713 Contrarium
1967 2647 2155 2713 nobis
2228 2654 2563 2734 persuadet

686 2767 917 2836 Cicero
943 2811 970 2846 ‚
1056 2762 1190 2846 qui'
1226 2761 1320 2828 nil
1371 2779 1449 2828 eo
1511 2779 1653 2828 esse
1706 2763 2003 2845 acutius,
2088 2763 2246 2831 nihil
2297 2768 2560 2850 politius

680 2883 951 2951 statuit:
1042 2881 1204 2949 idem
1255 2879 1411 2947 adeo
1473 2880 1536 2945 in
1587 2880 1950 2948 celebranda
2009 2883 2145 2967 ejus
2225 2885 2557 2966 oratione,

688 3019 821 3069 non
865 3000 1073 3067 minus
1130 3018 1317 3081 quam
1396 2997 1463 3063 in
1520 2996 1800 3063 Platonis
1825 3044 1851 3078 ‚
1905 2998 2031 3064 sibi
2095 3001 2412 3084 placuisse
2463 3003 2564 3071 vi·

685 3100 893 3182 detur.
1005 3112 1461 3202 Incredibilem
1496 3129 1639 3177 esse
1661 3158 1687 3194 ,
1751 3111 1883 3196 ait,
1950 3112 2016 3179 in
2074 3114 2425 3184 Aristotele
2465 3119 2564 3184 di-

688 3232 872 3302 cendi
947 3231 1195 3314 copiam
1254 3242 1319 3295 et
1392 3227 1802 3296 suavitatem:
1883 3229 2149 3299 fundere
2198 3235 2358 3299 ‘eum
2423 3236 2561 3319 pla-

687 3370 771 3419 ne
825 3349 1059 3417 flumen
1117 3346 1420 3412 orationis
1463 3365 1763 3414 aureum:
1809 3350 2117 3417 neminem
2166 3365 2260 3417 eo·
2299 3352 2365 3419 in
2408 3354 2566 3420 scri·

681 3467 895 3548 hendo
950 3463 1379 3533 nervosiorern
1448 3461 1682 3531 fuisse:
1765 3468 2139 3533 aemulatum
2199 3469 2356 3535 adeo
2414 3492 2557 3540 cum

683 3583 831 3669 ipso
865 3583 1148 3650 Isocrate
1205 3580 1404 3649 fisisse
1460 3595 1523 3647 et
1596 3581 2011 3650 lacessivisse·
2038 3584 2206 3652 hunc
2259 3587 2562 3655 orationis

686 3712 938 3766 ornatu.
1066 3698 1254 3765 Haud
1315 3699 1404 3765 ita
1442 3699 1560 3765 rari
1618 3701 1786 3782 apud
1833 3701 2181 3785 antiquos,
2269 3719 2342 3770 ut
2388 3705 2561 3788 apud

682 3836 806 3885 nos
833 3863 857 3897 ‚
922 3828 1146 3896 erant,
1207 3815 1317 3896 qui
1370 3815 1711 3900 cogitandi·
1744 3816 2154 3883 subtilitatem
2214 3837 2357 3886 cum
2411 3821 2566 3887 scri-

682 3932 871 4000 bendi
908 3932 1216 4018 elegantia
1270 3934 1640 4020 jungerent:
1678 3934 1803 3999 bac
1850 3933 2032 4001 laude
2086 3935 2277 4019 prisci
2322 3938 2564 4004 Acade-

679 4043 826 4137 mici
868 4068 937 4115 ac
986 4049 1378 4135 Peripatetici
1425 4048 1685 4117 filerunt
1724 4049 1861 4118 fere
1899 4069 2161 4122 omnes:
2209 4053 2349 4136 ipsc
2381 4055 2563 4121 Aris-

2388 4184 2559 4237 totc-
