2900 4817
1463 400 1818 452 3—-20—

1105 592 1225 658 Dc
1280 590 1778 678 gradibus,
1846 588 2164 675 quibus

916 713 1006 773 in
1064 708 1463 774 mundum
1527 713 1863 785 νοητὸν,
1930 705 2041 771 ad
2098 705 2350 772 ideax

1060 813 1613 913 spectandas
1678 813 2232 891 ascenditur.

790 1028 1082 1116 Quamor
1128 1041 1280 1094 sunt
1338 1026 1431 1092 illi
1470 1025 1637 1109 apud
1681 1025 2000 1092 Platonem
2021 1070 2045 1103 ,
2091 1042 2361 1121 quorum
2408 1042 2585 1089 sum-.

594 1203 602 1220 ,
690 1163 853 1211 -ums
909 1149 1100 1225 νόησις
1153 1157 1296 1210 &tt
1345 1144 1514 1210 unde
1553 1147 1851 1226 ἑπιςημὲ.
1894 1145 2153 1207 scicntia
2174 1187 2197 1221 ,
2241 1144 2381 1207 ναί
2403 1188 2427 1221 9
2470 1148 2588 1212 αὖ·

699 1270 812 1333 τοῦ
858 1269 964 1334 τοῦ
1008 1264 1169 1340 ὄντος
1208 1264 1472 1327 scienda
1509 1258 1781 1325 exsistit.
1848 1257 2046 1342 Quod
2085 1271 2158 1322 ut
2197 1272 2345 1340 apte
2380 1256 2587 1324 Glau-

704 1380 859 1446 coni
914 1379 1300 1446 demonstret
1357 1377 1686 1454 Socrates,
1771 1393 1954 1455 quam
2015 1373 2490 1459 diligentissime
2543 1365 2606 1440 a'

704 1495 949 1564 mundo
1004 1493 1333 1578 spectabili
1366 1490 1823 1576 intelligibilem
1853 1489 2218 1574 distinguit,
2273 1489 2362 1555 illi
2404 1490 2587 1572 quic*

698 1611 869 1693 quid
908 1615 1152 1694 δόξαις-ον
1212 1625 1352 1690 est,
1420 1608 1567 1674 huic
1625 1613 1695 1678 τὸ
1752 1613 1979 1689 γνωςὸν
2041 1607 2349 1674 tribuens.
2457 1609 2587 1675 Sed

708 1725 919 1810 ipsum
976 1728 1226 1793 illorum
1290 1743 1639 1812 sermonem
1669 1771 1694 1803 ‚
1760 1738 1832 1789 ut
1885 1743 1984 1789 res
2035 1725 2220 1809 plene
2279 1726 2587 1811 intelliga-

702 1858 857 1924 tur,
914 1859 1338 1928 apponamus.
1449 1841 1720 1921 Veluti,
1787 1841 2042 1923 inquit,
2113 1847 2366 1926 accepta
2419 1844 2586 1910 linea

710 1957 992 2027 bifariam
1069 1957 1137 2025 in
1210 1959 1503 2039 aequales
1584 1974 1794 2041 partes
1857 1957 2131 2027 dissecta
2151 2006 2177 2041 ,
2256 1973 2590 2043 utramque

708 2091 1017 2163 partun,
1068 2075 1319 2142 alteram
1380 2073 1744 2158 spectabilis
1811 2075 2095 2159 generis,
2174 2075 2583 2161 intelligibilis

706 2197 963 2262 alteram
987 2240 1011 2276 ,
1089 2191 1276 2258 simili
1326 2190 1574 2257 ratione
1629 2208 1848 2256 rursus
1911 2190 2188 2257 dissecat
2268 2189 2451 2259 facile
2502 2192 2588 2259 ita

714 2309 785 2378 in
844 2309 945 2376 his
1006 2307 1277 2375 invicem
1337 2308 1673 2373 claritatem
1723 2323 1790 2372 et
1847 2306 2294 2374 obscuritatem
2334 2328 2588 2393 compa-

702 2426 913 2494 rabisa
974 2426 1067 2491 ¹In
1115 2423 1439 2508 spectabili
1478 2443 1705 2523 genere
1747 2425 1936 2491 altera
1978 2444 2122 2508 pars
2164 2440 2349 2492 erunt
2397 2427 2588 2496 simu*

709 2545 912 2611 lacta:
960 2541 1103 2607 dico
1139 2556 1345 2607 autem
1390 2541 1760 2621 simulacra,
1805 2541 2074 2625 primum
2115 2541 2409 2624 umbras,
2453 2560 2585 2611 tum

712 2656 988 2741 quaein
1033 2656 1217 2739 aquis
1278 2670 1631 2740 apparent,
1720 2675 2008 2741 quaeque
2071 2658 2139 2724 in
2191 2660 2381 2728 rebus
2448 2665 2589 2746 qui·

697 2777 971 2858 busque
1029 2773 1288 2856 densis,
1353 2772 1680 2854 laevibus,
1743 2774 1966 2841 lucidis
2004 2776 2232 2842 adsunt
2286 2795 2352 2844 et
2412 2781 2590 2861 quic-

706 2892 872 2975 quid
933 2891 1367 2976 hujuscemodi
1422 2905 1563 2957 est:
1636 2891 1950 2957 tenesne?
2032 2931 2124 2945 —
2199 2892 2426 2961 Teneo
2478 2915 2589 2964 ve·

716 3027 816 3075 ro·
850 3035 954 3060 ·—
993 3008 1268 3073 Alteram
1328 3021 1566 3089 partem
1618 3025 1784 3091 pone
1842 3007 1946 3075 illa
1997 3009 2248 3094 negotia
2304 3013 2592 3082 contine-

708 3145 832 3207 τε,
900 3143 1169 3208 quorum
1214 3123 1413 3205 haec,
1459 3141 1620 3206 quae
1654 3123 1973 3206 diximus,
2017 3124 2344 3192 simulacra
2383 3143 2584 3213 sunt,

715 3241 999 3328 animalia
1050 3240 1288 3308 scilicet
1313 3287 1337 3320 ‚
1406 3259 1570 3322 quae
1624 3242 1792 3323 apud
1851 3259 1973 3307 nos
2001 3217 2178 3308 -sunt
2240 3262 2587 3330 omnesque

704 3362 1008 3430 arborum
1060 3373 1125 3426 et
1182 3361 1528 3441 plantarum
1553 3406 1577 3439 ,
1626 3377 1829 3425 rerum
1891 3362 2040 3428 item
2097 3380 2229 3430 arte
2279 3362 2582 3435 factarum

708 3476 1122 3560 ·species...-..
1152 3475 1364 3541 Pouo,
1408 3509 1503 3527 —
1547 3475 1806 3541 velisne
1839 3477 2022 3544 etiam
2064 3494 2393 3565 utramque
2427 3486 2580 3553 hanc

718 3608 954 3675 partem
1002 3592 1344 3658 secundum
1396 3592 1482 3657 id·
1520 3594 1694 3675 quod
1743 3612 1963 3661 -verum
2006 3610 2103 3664 est
2140 3612 2206 3665 et
2243 3602 2416 3682 quod
2451 3619 2580 3670 non

719 3722 819 3773 est
870 3725 1089 3773 verum
1140 3707 1490 3776 discernere
1514 3755 1538 3788 ‚
1603 3723 1673 3774 ut
1731 3713 2249 3793 quemadmodum
2306 3736 2380 3785 ea
2427 3740 2586 3803 quae

715 3831 1050 3912 opinamur
1091 3821 1169 3887 ad
1222 3840 1294 3887 ea
1347 3828 1948 3909 quaesscognovimus
1987 3846 2087 3896 ,se
2141 3829 2425 3916 habent,
2491 3833 2583 3902 sic

715 3940 1040 4009 simulacra
1086 3938 1170 4007 ad
1246 3941 1332 4006 lla
1390 3957 1465 4008 se
1516 3940 1780 4009 habeant
1800 3989 1826 4026 ‚
1868 3961 2032 4029 quae
2094 3943 2378 4016 referunt
2399 3950 2436 4019 ἲ
2494 3988 2581 4004 -

2456 4068 2584 4136 Ve-
