2900 4817
1072 493 1283 559 -57
1324 453 1421 529 -”

299 665 479 729 quam
541 649 701 718 adeo
770 653 954 718 rudes
976 700 1000 734 ‚
1049 673 1266 721 omnes
1311 672 1515 726 autem
1540 706 1565 740 ‚
1612 660 1989 741 procedente
2037 679 2161 730 usu

292 777 360 830 et
413 769 912 851 consuetudine,
957 771 1190 853 quibus
1257 774 1511 857 quidem
1566 776 1760 860 Deus»,
1798 777 1956 846 favit
1981 803 2020 861 ‚·
2048 779 2166 846 mi·

300 905 430 953 rum
489 887 557 955 in
606 889 865 955 modum
909 888 1352 974 proficientes,
1412 894 1506 958 uti
1580 905 1643 960 et
1699 894 1947 963 sibimet
2001 895 2160 981 ipsis

296 1015 358 1067 ct
416 1003 677 1069 caeteris
721 1003 1039 1074 videntur.
1128 1005 1202 1073 Id
1262 1020 1470 1074 autem
1505 1007 1707 1088 liquet
1733 1055 1757 1090 ,
1800 1028 1836 1077 a
1875 1028 1976 1076 me
2014 1011 2161 1078 illos

294 1116 451 1184 nihil
501 1138 797 1202 umquam
853 1121 1187 1205 didicisse,
1230 1124 1344 1191 sed
1378 1124 1558 1209 ipsos
1595 1143 1708 1209 per
1753 1141 1951 1194 semet
1981 1126 2161 1212 ipsos

295 1235 491 1304 inulta
538 1249 605 1303 et
662 1240 969 1322 praeclara
1037 1239 1357 1308 invenisse
1413 1255 1607 1324 atque
1666 1242 1733 1308 in
1799 1262 1873 1311 se
1927 1246 2158 1313 habere

259 1350 645 1433 ‚reconditae
692 1354 1225 1424 obstetricationis
1276 1372 1486 1424 autem
1539 1360 1744 1426 Deum
1780 1375 1845 1427 et
1879 1380 1981 1429 me
2012 1383 2162 1430 aue·

291 1471 489 1538 torem
544 1489 733 1540 esset
780 1473 956 1555 quod
1011 1474 1155 1540 hinc
1208 1474 1476 1544 maxime
1507 1491 1702 1558 patet.
1789 1478 1988 1545 Multi
2030 1481 2156 1565 jam

293 1590 413 1655 hoc
452 1588 813 1675 ignorantes
863 1605 930 1657 et
983 1606 1179 1658 semet
1221 1593 1401 1675 ipsos
1447 1593 1838 1676 increpantes
1864 1615 2012 1676 ,me
2052 1617 2165 1662 au-

292 1721 414 1773 tem
473 1722 947 1774 contemnentes
968 1756 993 1790 ‚
1037 1711 1140 1775 vel
1181 1709 1308 1794 ipsi
1361 1728 1477 1793 per
1521 1728 1710 1792 sese,
1754 1714 1857 1778 vel
1902 1710 1979 1777 ab
2022 1712 2159 1778 aliis

286 1825 577 1907 adducti,
636 1826 874 1911 citius»,
920 1846 1104 1910 quam
1151 1846 1269 1912 par
1314 1841 1444 1894 erat
1475 1875 1498 1909 ‚
1556 1827 1887 1895 abierunt:
1933 1830 2160 1896 remoti

285 1955 491 2010 autem
528 1963 566 2014 a
606 1962 752 2024 me,
794 1962 937 2010 cum
994 1956 1377 2009 caeterorum
1417 1957 1683 2026 propter
1720 1962 1971 2026 pravam
2003 1961 2158 2009 con·

284 2061 677 2128 suetudinem
736 2059 1024 2126 abortum
1088 2058 1374 2126 fecerunt
1395 2108 1418 2141 ‚
1475 2076 1613 2128 tum
1663 2078 1769 2140 ea,
1817 2078 1979 2142 quae
2038 2079 2156 2145 ego

288 2177 654 2248 obstetricia
715 2196 841 2266 ope
900 2195 979 2244 ex
1035 2175 1111 2242 iis
1168 2178 1548 2260 protuleram
1573 2223 1599 2257 ,
1686 2178 1847 2243 male
1915 2179 2155 2244 alentes

289 2295 736 2380 perdiderunt,
813 2292 966 2360 falsa
1010 2308 1073 2362 et
1129 2294 1451 2360 simulacra
1495 2294 1747 2379 majoris
1803 2294 2153 2375 habentes,
2201 2329 2206 2334 ·

281 2433 467 2497 quam
529 2432 720 2494 vera,
763 2412 992 2497 pretii:
1040 2412 1421 2495 tandemque
1456 2411 1524 2476 hi
1585 2423 1651 2476 et
1706 2410 1953 2477 sibimet
2000 2410 2157 2494 ipsis

280 2544 345 2598 et
394 2530 654 2596 caeteris
720 2528 907 2595 rudes
971 2528 1091 2594 visi
1153 2542 1329 2596 sunt.
1460 2529 1752 2614 Quorum
1812 2545 1980 2595 unus
2031 2527 2159 2596 fuit

280 2648 594 2716 Aristides
636 2627 998 2732 Lysimachi
1040 2644 1209 2712 finus
1250 2661 1312 2714 et
1347 2646 1603 2730 plurimi
1637 2646 1787 2713 ama
1834 2663 2155 2729 quonam,

278 2766 335 2832 si
402 2766 656 2849 quando
702 2765 963 2830 redeunt
1016 2764 1094 2830 ad
1144 2781 1248 2830 me
1270 2809 1293 2844 ‚
1356 2778 1724 2847 expetentes
1772 2781 2157 2848 congressus

280 2903 457 2952 meos
532 2897 723 2965 atque
801 2897 873 2948 ut
944 2880 1269 2948 obtineant
1344 2880 1501 2945 nihil
1574 2898 1704 2945 non
1772 2880 2102 2946 molientes
2130 2925 2155 2963 ,

278 3002 604 3071 nonnullis
678 3020 881 3067 meum
956 3018 1059 3066 me
1117 2998 1508 3065 daemonium
1574 2997 1878 3063 interesse
1940 2997 2157 3079 prohi-

280 3122 429 3202 bet,
472 3119 612 3185 aliis
663 3117 850 3183 sinit:
896 3115 960 3181 hi
1007 3130 1213 3181 autem
1267 3127 1401 3181 tum
1454 3113 1758 3180 continuo
1811 3112 2153 3197 proficiunt

278 3239 518 3305 denus).
622 3236 767 3301 Hoc
821 3252 974 3299 vero
1032 3233 1212 3298 etlam
1266 3250 1410 3299 cum
1473 3230 1964 3313 parturientibus
2012 3228 2153 3295 foe-

281 3354 470 3420 minis
527 3369 863 3418 commune
922 3350 1154 3415 habent
1215 3349 1325 3431 qui
1379 3367 1481 3414 me
1535 3363 1849 3415 utuntur:
1933 3363 2151 3432 partus

281 3472 618 3546 doloribus
701 3470 981 3542 laborant
1060 3481 1124 3536 et
1202 3480 1422 3533 noctes
1495 3482 1687 3552 atque
1746 3463 1884 3530 dies
1948 3465 2149 3549 magis

506 3601 517 3610 ⁴
1965 3596 2153 3651 etiam

277 3809 383 3851 eat
407 3832 426 3856 ,
483 3786 620 3847 ἵνιοι
665 3791 770 3858 μῦν
815 3775 913 3848 xa}
955 3783 1103 3841 πάνυ
1146 3778 1383 3854 ἀμαθεῖς
1407 3821 1424 3847 ,
1487 3778 1702 3845 πάντες
1736 3776 1799 3846 δε
1848 3801 1926 3822 --
1982 3774 2158 3835 Exci-

272 3895 420 3958 djm
480 3889 727 3947 nonnihil
782 3889 1017 3943 videtur.
1120 3885 1285 3938 Forte
1349 3883 1569 3951 ner-ipsit
1627 3891 1815 3936 auctor
1868 3879 2001 3940 ἐ’νιοι
2046 3886 2152 3954 μὲν

279 3973 393 4060 οὐκ.
421 3996 682 4069 εὐμαθεῖς
704 4042 722 4068 ,
765 3997 944 4057 ἄλλοι
979 3991 1041 4058 32
1079 3995 1181 4054 nal
1218 3992 1369 4060 ardun
1411 3989 1683 4066 ἀμαθεῖς,
1723 3989 1942 4064 πάντες
1979 3983 2041 4046 δε
2070 3960 2153 4042 ι’·-

272 4099 380 4160 sic
410 4094 570 4160 verli.
