2900 4817
1043 470 1446 537 ...161-

304 654 468 723 Nam
515 656 572 721 is
610 652 868 722 omnino
927 651 990 718 in
1048 650 1260 720 studio
1317 651 1671 720 dialecticae
1723 656 2038 720 extremus
2092 659 2187 722 lae,

302 772 425 836 bor
476 787 619 852 est,
665 784 776 849 ut,
823 789 979 853 quae
1039 770 1182 852 quis
1217 769 1376 835 sive
1425 770 1563 853 ipse
1607 768 1845 835 invenit
1903 771 2039 838 sive
2092 772 2173 840 ab

298 888 437 959 aliis
498 886 747 955 inventa
805 885 1089 973 accepit,
1158 886 1316 952 cum‘
1354 884 1575 952 ordine
1638 886 1932 970 disponat
1960 903 2176 972 ,atque

299 1002 569 1089 explicet
589 1053 613 1086 ‚
680 1020 752 1072 ut
796 1002 948 1071 fecit
1000 1005 1376 1071 Aristoteles
1442 1003 1510 1069 in
1567 1003 1877 1086 palmariis
1899 1048 1925 1086 ‚
2006 1026 2173 1088 quos

296 1123 813 1202 memoravimus,
901 1124 978 1188 de
1033 1121 1381 1187 Rhetorica
1427 1119 1608 1185 libris
1626 1167 1649 1200 ‚
1736 1135 1871 1187 tum
1939 1122 2122 1188 etiam
2145 1170 2171 1205 ,

297 1241 474 1322 quod
527 1240 687 1306 idem
732 1239 800 1306 in
859 1237 1121 1325 Organa
1165 1235 1689 1318 quemadmodum
1725 1237 2171 1319 perficiendum

205 1344 208 1351 ’
298 1371 464 1423 esset
522 1355 1019 1431 demonstravit,
1063 1355 1139 1418 ab
1191 1353 1484 1418 inanibus
1536 1353 2024 1420 adversariorum
2074 1374 2176 1422 ea-
2266 1442 2271 1453 ἐ

297 1474 731 1540 villationibus
789 1488 957 1536 recte
1007 1469 1304 1538 vindicet.
1396 1469 1502 1536 Sic
1548 1469 1779 1551 cuique
1835 1474 2020 1536 aetati
2056 1491 2173 1540 sua

295 1607 394 1658 est
447 1588 803 1656 dialecticae
843 1589 1176 1654 methodus
1201 1635 1224 1668 ,
1267 1605 1382 1653 nec
1422 1588 1724 1651 minorem
1768 1584 1955 1653 habet
1992 1590 2174 1657 Aris·

297 1707 552 1775 totelica
590 1708 752 1774 ratio
779 1753 803 1787 ,
840 1724 1027 1786 quam
1057 1703 1376 1772 Socratica
1398 1718 1508 1769 aut
1545 1704 1868 1772 Platonica
1892 1753 1916 1788 ‚
1949 1702 2027 1773 ad
2066 1726 2176 1773 ex·

295 1828 557 1891 colenda
622 1816 867 1906 ingenia
936 1821 1065 1888 vim
1125 1836 1190 1888 et
1246 1822 1808 1905 opportunitatem.
1929 1823 2173 1911 Quam·

296 1943 514 2010 obrem
568 1954 811 2008 tantum
872 1939 1085 2022 abest,
1149 1953 1223 2006 ut
1278 1939 1625 2024 spernenda
1671 1940 1762 2016 ‚sit
1826 1944 2175 2027 syllogisti-

165 2148 182 2157 ἡ
293 2079 369 2127 ca
426 2057 829 2141 Aristoteli3‚
894 2073 966 2124 ut
989 2105 1013 2139 ‚
1076 2075 1208 2123 non
1260 2056 1412 2124 s'atis
1474 2076 1603 2123 eam
1659 2059 2168 2141 provectioribus

287 2176 639 2264 juventutis
675 2174 901 2243 studiis
945 2174 1013 2240 in
1063 2175 1417 2241 Academiis
1460 2175 1738 2241 adhiberi
1759 2223 1783 2255 ‚
1827 2170 2165 2245 dolendum

291 2294 574 2360 videatur
617 2290 707 2357 (¹³.
794 2292 961 2356 Nam
999 2290 1056 2355 si
1095 2285 1249 2372 quid
1283 2291 1362 2356 ad
1397 2308 1683 2356 accurate
1715 2291 1961 2359 dicendi
2015 2297 2171 2360 scri-

291 2411 614 2493 bendique
670 2407 1028 2473 facultatem
1085 2406 1417 2474 acuendam
1442 2452 1468 2488 ‚
1529 2407 1607 2473 ad
1668 2408 1965 2479 firmanda
2026 2431 2171 2478 cor-

293 2529 770 2610 roborandaque
831 2525 1074 2611 ingenia
1098 2573 1121 2606 ‚
1191 2526 1269 2592 ad
1329 2544 1610 2592 caussam
1675 2527 1960 2595 veritatis
2013 2540 2171 2617 pro·'

293 2645 688 2729 pugnandam
749 2643 991 2708 naviter
1033 2642 1243 2707 valet:
1291 2644 1499 2707 valent
1540 2660 1619 2708 eo
1656 2642 1721 2708 in
1756 2646 1974 2728 primis
2013 2666 2166 2716 sane

293 2763 409 2829 hae
451 2759 808 2826 dialecticae
844 2758 1345 2823 exercitationes.
1437 2759 1563 2822 Sed
1608 2759 1793 2826 abusi
1839 2779 1991 2829 sunt
2033 2769 2166 2849 syl-

288 2873 583 2963 logistica
641 2873 1063 2957 philosophi,
1129 2872 1445 2954 indeque,
1513 2887 1586 2939 ut
1626 2876 1752 2960 jam
1821 2880 2163 2962 aliquoties

293 2995 654 3062 monuimus
680 3039 704 3074 ‚
779 3010 1095 3057 summum
1162 2987 1338 3073 cepit·
1378 2992 1784 3076 philosophia
1834 2998 2168 3067 detrimen-

289 3127 450 3180 tum.
565 3088 635 3178 Si
661 3159 686 3193 ,
748 3107 925 3194 quod
988 3110 1304 3195 praecepit
1367 3110 1749 3178 Aristoteles
1794 3113 2165 3200 faciuntque

291 3228 759 3307 mathematici,
802 3246 876 3294 ea
914 3228 1028 3293 hac
1076 3228 1378 3295 methodo
1420 3246 1734 3310 exponere
1781 3246 1846 3297 et
1904 3234 2165 3301 demon-

288 3362 488 3414 strare
549 3343 944 3411 studuissent
967 3390 993 3425 ‚
1079 3364 1240 3427 quae
1309 3347 1409 3411 vel
1487 3364 1634 3412 vera
1709 3351 1811 3414 vel
1871 3366 2042 3417 certe
2095 3352 2163 3420 in

289 3464 512 3549 primis
573 3459 885 3528 evidentia
938 3479 1007 3525 ac
1027 3462 1038 3465 “
1058 3461 1409 3544 probabilia
1449 3479 1662 3529 essent
1681 3509 1706 3545 ‚
1752 3466 1994 3546 optime
2029 3486 2164 3535 me-

292 3585 393 3651 riti
449 3582 529 3648 de
589 3577 996 3664 philosophia
1057 3577 1356 3646 fuissent.
1463 3580 1658 3646 Nunc
1718 3598 1875 3647 vero
1899 3629 1924 3664 ,
1986 3576 2163 3667 q'uod

2094 3716 2162 3770 et

368 3861 452 3931 (ι)
488 3860 663 3915 Dolet
702 3834 1022 3924 Hebenus,
1060 3859 1302 3930 quidque
1341 3861 1458 3930 ipse
1502 3862 1708 3931 juvenis
1754 3859 1837 3915 his
1890 3863 2164 3915 exercita-

292 3960 538 4013 tionibus
589 3961 876 4027 debuerit,
908 4004 916 4012 .
944 3961 1149 4014 fatetur
1192 3964 1417 4031 ingenue
1470 3963 1528 4015 in
1579 3963 1967 4034 neganti-aim·
2020 3961 2165 4017 vite·

300 4074 428 4114 ene
472 4056 831 4128 descriptione
873 4059 1120 4131 Operum
1153 4060 1227 4115 V.
1267 4062 1316 4116 1.
1351 4080 1405 4132 p.
1444 4062 1528 4118 αἱ.

1203 4164 1263 4233 L
