2900 4817
1414 468 1807 534 ...106-

585 631 596 646 ’
687 649 748 717 ai
800 665 901 716 me
974 661 1140 716 nune
1211 645 1460 730 quidem
1521 644 1640 711 tibi
1692 643 2135 711 assentientem
2200 644 2547 728 habueris,

687 777 907 849 postea
959 781 1112 830 veto
1163 781 1298 832 non
1362 763 1512 829 haec
1570 762 2045 844 deprehenderis
2090 775 2374 847 agentem
2396 809 2423 844 ‚
2464 764 2548 830 de

688 880 920 963 quibus
1011 880 1446 948 consensimus
1471 925 1498 959 ,
1574 877 1900 962 stupidum
1984 893 2087 944 me
2162 877 2347 960 plane
2400 895 2547 945 ease

682 996 1012 1078 existima,
1042 1015 1157 1064 nec
1217 1015 1512 1080 umquam
1570 1013 1672 1061 me
1703 994 2038 1078 deinceps,
2123 994 2361 1079 quippe
2400 1014 2549 1080 pet-

683 1113 884 1188 ditium
926 1114 1241 1184 hominem
1267 1161 1292 1195 ‚
1337 1130 1524 1180 mone
1564 1112 1815 1178 iterum.
1906 1110 2031 1178 Sed
2063 1111 2140 1177 ab
2177 1110 2369 1178 initio
2411 1130 2547 1180 rem

687 1245 1066 1316 repetamus.
1110 1229 1177 1276 <¹2

769 1350 944 1418 Haec
995 1349 1281 1417 Socrates
1349 1347 1628 1431 ironice3
1692 1347 1805 1415 sed
1862 1347 2024 1415 idem
2085 1348 2383 1434 deinceps
2440 1367 2545 1416 se·

686 1466 786 1534 rio
827 1480 894 1533 et
948 1486 1070 1552 pro
1127 1464 1474 1551 argumenti
1513 1462 1814 1549 gravitate
1853 1465 2224 1531 senteutiam
2258 1465 2549 1549 aperiens

688 1601 914 1665 snam,
966 1584 1059 1650 sic
1114 1580 1391 1649 veritatis
1440 1579 1893 1665 justitiaeque,
1932 1580 2087 1647 adde
2138 1595 2207 1647 et
2257 1582 2545 1665 philoso-

688 1700 877 1785 phiae
899 1744 925 1781 ,
967 1717 1248 1766 caussam
1309 1696 1482 1780 agit,
1548 1710 1622 1762 ut
1647 1743 1669 1777 ‚
1714 1715 1896 1778 quam
1955 1714 2148 1763 vanae
2208 1697 2343 1763 sint
2386 1695 2548 1764 iato-

688 1833 830 1888 rum
894 1815 1214 1884 hominum
1272 1813 1696 1879 cavillationes
1718 1859 1741 1893 ‚
1807 1830 1997 1894 quam
2035 1826 2253 1880 contra
2293 1814 2497 1899 gravis
2517 1859 2543 1896 ,

692 1944 960 2016 quantae
1002 1931 1066 1999 in
1119 1929 1392 2010 civitate„
1413 1926 1799 2003 auctoritatis
1863 1929 1968 1995 illa
2022 1929 2379 2012 eloquentia
2412 1930 2496 1998 sit
2517 1977 2543 2011 ‚

689 2066 849 2131 qnae
900 2065 1046 2114 cum
1101 2044 1543 2131 philosophiae
1600 2044 1685 2110 sit
1726 2044 1938 2112 studio
1992 2047 2371 2131 conjuncta,
2410 2048 2546 2115 eui..

686 2163 790 2232 vis
843 2164 1204 2249 persudat
1241 2160 1449 2229 facile.
1536 2161 1698 2227 Nam
1735 2178 2075 2244 postquam
2117 2164 2211 2229 sic
2254 2165 2544 2231 Socrates

689 2283 882 2368 huJ'us
939 2282 1056 2350 viri
1102 2280 1465 2364 sapientiam
1489 2326 1513 2359 ,
1556 2276 1973 2345 admirabilem
2032 2278 2273 2348 scilicet
2326 2282 2494 2352 illam
2517 2328 2544 2362 ,

688 2400 952 2470 summis
1002 2397 1288 2466 laudibus
1346 2397 1652 2463 extulerat
1672 2442 1696 2476 ,
1740 2396 1818 2460 ad
1861 2396 2017 2461 hanc
2077 2414 2221 2463 eum
2274 2399 2548 2465 necessi-

693 2530 882 2584 tatem
943 2514 1381 2598 interrogando
1424 2510 1596 2596 cogit
1616 2559 1641 2593 ‚
1704 2499 1776 2576 ut'
1820 2512 2040 2578 decere
2093 2512 2360 2580 fateatur
2410 2533 2549 2582 ora·

691 2633 864 2700 tores‘
889 2676 913 2711 ‚
953 2629 1255 2698 meliores
1313 2628 1579 2696 dicendo
1638 2627 1886 2695 efficere
1925 2628 2134 2696 cives.
2240 2630 2370 2698 Ars
2427 2651 2549 2698 no·

685 2744 833 2828 bis,
892 2744 1026 2827 ait,
1069 2741 1134 2789 <²²
1194 2744 1359 2811 haud
1446 2744 1579 2812 visa
1632 2758 1731 2812 est
1800 2764 1900 2811 res
1968 2746 2373 2828 coquinaria:
2449 2763 2550 2818 est

691 2863 855 2932 enim
897 2867 1172 2950 iun-alpem
1232 2861 1531 2946 quaedam
1554 2909 1578 2943 ,
1661 2864 1920 2948 ἄτεχνος
1982 2870 2203 2949 unffi:
2268 2866 2381 2933 sed
2426 2867 2547 2933 hoc
2608 2923 2617 2932 .

692 2982 939 3055 demum
977 2981 1128 3047 artis
1167 2978 1422 3047 nomine
1462 2977 1769 3045 medicina
1813 2980 2071 3046 dicenda
2125 2995 2225 3047 est
2242 3028 2266 3062 ‚
2310 2983 2552 3067 quippe

628 3181 639 3192 ,
693 3114 857 3181 quae
910 3098 1093 3180 eujus
1146 3115 1353 3163 curam
1396 3095 1628 3177 habet,
1672 3097 1951 3180 ejusdem
1991 3110 2054 3163 et
2112 3112 2394 3164 naturam
2440 3119 2552 3165 ex·

692 3215 900 3299 plotat
941 3227 1011 3279 et
1062 3231 1316 3280 caussas
1365 3211 1589 3298 agendi
1648 3214 1967 3295 exquirit,
2030 3227 2092 3279 et
2149 3215 2373 3280 borum
2414 3234 2553 3282 om.

694 3329 870 3405 nium
925 3328 1193 3396 rationes
1236 3329 1359 3416 sibi
1407 3330 1663 3397 reddere
1699 3344 1954 3414 potesta
2008 3331 2196 3399 altera
2238 3349 2391 3398 vero
2446 3331 2554 3400 illa

692 3448 921 3520 horum
983 3444 1146 3514 nihil
1201 3444 1468 3528 inquirit
1492 3493 1519 3527 ,
1563 3446 1804 3532 quippe
1862 3448 2047 3515 unice
2104 3450 2418 3533 voluptati
2456 3448 2555 3517 in.-

695 3562 1004 3632 serviens.
1120 3562 1244 3631 Sed
1302 3563 1492 3644 vide,
1575 3583 1727 3630 num
1791 3566 1919 3631 sint
1968 3567 2269 3648 quaedam
2310 3566 2422 3633 alia
2466 3566 2557 3634 si·

695 3677 865 3744 milia
937 3679 1187 3760 studia,
1233 3698 1392 3761 quae
1435 3698 1590 3747 vero
1633 3699 1763 3747 non
1800 3701 2034 3767 corpus
2060 3729 2086 3763 ‚
2129 3684 2245 3749 sed
2277 3688 2553 3751 animum

695 3808 1033 3882 spectant,
1112 3797 1332 3880 partim
1389 3815 1534 3863 cum
1593 3812 1726 3865 arte
1785 3803 2120 3886 coniuncta
2144 3846 2169 3880 ‚
2236 3813 2312 3866 ut
2366 3800 2558 3869 animi

2462 3933 2564 3984 ⁸2·

770 4048 866 4122 (ι)
896 4047 1073 4120 Gorg·
1103 4048 1208 4108 4⁸6
1241 4048 1319 4104 D.
1350 4074 1431 4097 ι-
1461 4050 1584 4108 4⁸8.
1621 4050 1684 4105 Ι.
1824 4049 1917 4126 (a)
1950 4050 2126 4122 Gor..
2156 4051 2283 4109 500.
2324 4051 2393 4105 1.
