<?xml version="1.0" encoding="UTF-8"?>
<!DOCTYPE html PUBLIC "-//W3C//DTD XHTML 1.0 Transitional//EN"
    "http://www.w3.org/TR/xhtml1/DTD/xhtml1-transitional.dtd">
<html xmlns="http://www.w3.org/1999/xhtml" xml:lang="en" lang="en">
 <head>
  <title>
</title>
<meta http-equiv="Content-Type" content="text/html;charset=utf-8" />
  <meta name='ocr-system' content='tesseract 3.04.00' />
  <meta name='ocr-capabilities' content='ocr_page ocr_carea ocr_par ocr_line ocrx_word'/>
</head>
<body>
  <div class='ocr_page' id='page_1' title='image "./initiaphilosoph06heusgoog/initiaphilosoph06heusgoog_0085.png"; bbox 0 0 2900 4817; ppageno 0'>
   <div class='ocr_carea' id='block_1_1' title="bbox 1067 493 1422 564">
    <p class='ocr_par' dir='ltr' id='par_1_1' title="bbox 1067 493 1422 564">
     <span class='ocr_line' id='line_1_1' title="bbox 1067 493 1422 564; baseline 0.011 -36"><span class='ocrx_word' id='word_1_1' title='bbox 1067 493 1422 564; x_wconf 63' lang='lat'>...53-</span> 
     </span>
    </p>
   </div>
   <div class='ocr_carea' id='block_1_2' title="bbox 300 651 2198 985">
    <p class='ocr_par' dir='ltr' id='par_1_2' title="bbox 300 651 2198 985">
     <span class='ocr_line' id='line_1_2' title="bbox 305 651 2198 740; baseline -0.002 -9"><span class='ocrx_word' id='word_1_2' title='bbox 305 651 633 732; x_wconf 72' lang='lat' dir='ltr'>Theodori</span> <span class='ocrx_word' id='word_1_3' title='bbox 665 678 811 727; x_wconf 91' lang='lat' dir='ltr'>cum</span> <span class='ocrx_word' id='word_1_4' title='bbox 862 658 1215 729; x_wconf 86' lang='lat' dir='ltr'>Theaeteto</span> <span class='ocrx_word' id='word_1_5' title='bbox 1262 675 1634 740; x_wconf 57' lang='lat' dir='ltr'>sermonen</span> <span class='ocrx_word' id='word_1_6' title='bbox 1685 656 1777 724; x_wconf 85' lang='lat' dir='ltr'>sic</span> <span class='ocrx_word' id='word_1_7' title='bbox 1829 671 2037 727; x_wconf 81' lang='lat' dir='ltr'>autem</span> <span class='ocrx_word' id='word_1_8' title='bbox 2104 679 2198 729; x_wconf 84' lang='lat' dir='ltr'>re·</span> 
     </span>
     <span class='ocr_line' id='line_1_3' title="bbox 301 776 2189 862; baseline -0.001 -17"><span class='ocrx_word' id='word_1_9' title='bbox 301 779 508 846; x_wconf 88' lang='lat' dir='ltr'>dimus</span> <span class='ocrx_word' id='word_1_10' title='bbox 536 824 562 861; x_wconf 90' lang='lat'>,</span> <span class='ocrx_word' id='word_1_11' title='bbox 642 792 720 846; x_wconf 91' lang='lat' dir='ltr'>ut</span> <span class='ocrx_word' id='word_1_12' title='bbox 776 776 899 846; x_wconf 88' lang='lat' dir='ltr'>rite</span> <span class='ocrx_word' id='word_1_13' title='bbox 945 795 1113 846; x_wconf 91' lang='lat' dir='ltr'>nunc</span> <span class='ocrx_word' id='word_1_14' title='bbox 1176 777 1472 852; x_wconf 75' lang='lat' dir='ltr'>instructi</span> <span class='ocrx_word' id='word_1_15' title='bbox 1525 777 1850 862; x_wconf 86' lang='lat' dir='ltr'>paratique</span> <span class='ocrx_word' id='word_1_16' title='bbox 1908 806 2189 862; x_wconf 64' lang='lat' dir='ltr'>uam-</span> 
     </span>
     <span class='ocr_line' id='line_1_4' title="bbox 300 894 2182 985; baseline -0.001 -20"><span class='ocrx_word' id='word_1_17' title='bbox 300 899 409 975; x_wconf 64' lang='grc' dir='ltr'>κῆν</span> <span class='ocrx_word' id='word_1_18' title='bbox 452 894 834 962; x_wconf 83' lang='lat' dir='ltr'><strong>Socraticam</strong></span> <span class='ocrx_word' id='word_1_19' title='bbox 857 942 882 978; x_wconf 94' lang='lat'>,</span> <span class='ocrx_word' id='word_1_20' title='bbox 964 916 1153 980; x_wconf 85' lang='lat' dir='ltr'>quam</span> <span class='ocrx_word' id='word_1_21' title='bbox 1197 911 1333 985; x_wconf 66' lang='lat' dir='ltr'>tum</span> <span class='ocrx_word' id='word_1_22' title='bbox 1395 912 1524 963; x_wconf 87' lang='lat' dir='ltr'>erat</span> <span class='ocrx_word' id='word_1_23' title='bbox 1586 895 1876 962; x_wconf 79' lang='lat' dir='ltr'>Socrates</span> <span class='ocrx_word' id='word_1_24' title='bbox 1915 896 2182 963; x_wconf 76' lang='lat' dir='ltr'>traditu-</span> 
     </span>
    </p>
   </div>
   <div class='ocr_carea' id='block_1_3' title="bbox 297 1011 2252 1099">
    <p class='ocr_par' dir='ltr' id='par_1_3' title="bbox 297 1011 2252 1099">
     <span class='ocr_line' id='line_1_5' title="bbox 297 1011 2252 1099; baseline 0.001 -19"><span class='ocrx_word' id='word_1_25' title='bbox 297 1031 409 1080; x_wconf 86' lang='lat' dir='ltr'>rus</span> <span class='ocrx_word' id='word_1_26' title='bbox 434 1057 461 1095; x_wconf 88' lang='lat'>‚</span> <span class='ocrx_word' id='word_1_27' title='bbox 541 1031 712 1079; x_wconf 88' lang='lat' dir='ltr'>nunc</span> <span class='ocrx_word' id='word_1_28' title='bbox 775 1013 1098 1099; x_wconf 84' lang='lat' dir='ltr'>possimus</span> <span class='ocrx_word' id='word_1_29' title='bbox 1155 1012 1420 1080; x_wconf 85' lang='lat' dir='ltr'>interius</span> <span class='ocrx_word' id='word_1_30' title='bbox 1480 1011 1858 1096; x_wconf 83' lang='lat' dir='ltr'>perspicere.</span> <span class='ocrx_word' id='word_1_31' title='bbox 1963 1013 2170 1095; x_wconf 85' lang='lat' dir='ltr'>Nam,</span> <span class='ocrx_word' id='word_1_32' title='bbox 2249 1077 2252 1082; x_wconf 86' lang='lat'>.</span> 
     </span>
    </p>
   </div>
   <div class='ocr_carea' id='block_1_4' title="bbox 292 1115 2172 1918">
    <p class='ocr_par' dir='ltr' id='par_1_4' title="bbox 292 1115 2172 1918">
     <span class='ocr_line' id='line_1_6' title="bbox 296 1115 2172 1213; baseline 0 -17"><span class='ocrx_word' id='word_1_33' title='bbox 296 1148 382 1198; x_wconf 91' lang='lat' dir='ltr'>ne</span> <span class='ocrx_word' id='word_1_34' title='bbox 431 1131 582 1198; x_wconf 89' lang='lat' dir='ltr'>haec</span> <span class='ocrx_word' id='word_1_35' title='bbox 627 1144 763 1198; x_wconf 89' lang='lat' dir='ltr'>tota</span> <span class='ocrx_word' id='word_1_36' title='bbox 796 1115 920 1198; x_wconf 84' lang='lat' dir='ltr'>nos</span> <span class='ocrx_word' id='word_1_37' title='bbox 956 1132 1175 1198; x_wconf 85' lang='lat' dir='ltr'>lateret</span> <span class='ocrx_word' id='word_1_38' title='bbox 1196 1177 1220 1213; x_wconf 91' lang='lat'>,</span> <span class='ocrx_word' id='word_1_39' title='bbox 1281 1143 1574 1197; x_wconf 78' lang='lat' dir='ltr'>constare</span> <span class='ocrx_word' id='word_1_40' title='bbox 1615 1128 1880 1196; x_wconf 85' lang='lat' dir='ltr'>debebat</span> <span class='ocrx_word' id='word_1_41' title='bbox 1921 1127 2000 1195; x_wconf 90' lang='lat' dir='ltr'>de</span> <span class='ocrx_word' id='word_1_42' title='bbox 2062 1148 2172 1197; x_wconf 85' lang='lat' dir='ltr'>na·</span> 
     </span>
     <span class='ocr_line' id='line_1_7' title="bbox 296 1245 2172 1335; baseline -0.001 -21"><span class='ocrx_word' id='word_1_43' title='bbox 296 1251 443 1315; x_wconf 67' lang='lat' dir='ltr'>tura</span> <span class='ocrx_word' id='word_1_44' title='bbox 503 1248 695 1315; x_wconf 80' lang='lat' dir='ltr'>animi</span> <span class='ocrx_word' id='word_1_45' title='bbox 753 1248 985 1316; x_wconf 84' lang='lat' dir='ltr'>nostri.</span> <span class='ocrx_word' id='word_1_46' title='bbox 1076 1246 1210 1335; x_wconf 89' lang='lat' dir='ltr'>Qui</span> <span class='ocrx_word' id='word_1_47' title='bbox 1270 1265 1421 1313; x_wconf 86' lang='lat' dir='ltr'>sane</span> <span class='ocrx_word' id='word_1_48' title='bbox 1469 1247 1569 1328; x_wconf 87' lang='lat' dir='ltr'>si,</span> <span class='ocrx_word' id='word_1_49' title='bbox 1636 1260 1712 1312; x_wconf 92' lang='lat' dir='ltr'>ut</span> <span class='ocrx_word' id='word_1_50' title='bbox 1766 1245 1986 1312; x_wconf 89' lang='lat' dir='ltr'>multis</span> <span class='ocrx_word' id='word_1_51' title='bbox 2037 1248 2172 1332; x_wconf 86' lang='lat' dir='ltr'>pla·</span> 
     </span>
     <span class='ocr_line' id='line_1_8' title="bbox 293 1363 2161 1448; baseline -0.001 -16"><span class='ocrx_word' id='word_1_52' title='bbox 293 1364 430 1432; x_wconf 85' lang='lat' dir='ltr'>cuit</span> <span class='ocrx_word' id='word_1_53' title='bbox 449 1410 475 1447; x_wconf 90' lang='lat'>,</span> <span class='ocrx_word' id='word_1_54' title='bbox 517 1383 760 1432; x_wconf 87' lang='lat' dir='ltr'>vacuus</span> <span class='ocrx_word' id='word_1_55' title='bbox 822 1379 993 1432; x_wconf 66' lang='lat' dir='ltr'>oeset</span> <span class='ocrx_word' id='word_1_56' title='bbox 1028 1365 1167 1448; x_wconf 87' lang='lat' dir='ltr'>ipse</span> <span class='ocrx_word' id='word_1_57' title='bbox 1185 1412 1211 1445; x_wconf 91' lang='lat'>‚</span> <span class='ocrx_word' id='word_1_58' title='bbox 1296 1363 1686 1431; x_wconf 78' lang='lat' dir='ltr'>extrinsecus</span> <span class='ocrx_word' id='word_1_59' title='bbox 1753 1378 1965 1430; x_wconf 84' lang='lat' dir='ltr'>autem</span> <span class='ocrx_word' id='word_1_60' title='bbox 2046 1381 2161 1447; x_wconf 90' lang='lat' dir='ltr'>per</span> 
     </span>
     <span class='ocr_line' id='line_1_9' title="bbox 292 1480 2171 1565; baseline -0.001 -17"><span class='ocrx_word' id='word_1_61' title='bbox 292 1498 520 1548; x_wconf 85' lang='lat' dir='ltr'>sensus</span> <span class='ocrx_word' id='word_1_62' title='bbox 542 1526 569 1562; x_wconf 92' lang='lat'>,</span> <span class='ocrx_word' id='word_1_63' title='bbox 615 1494 927 1565; x_wconf 83' lang='lat' dir='ltr'>tamquam</span> <span class='ocrx_word' id='word_1_64' title='bbox 969 1480 1369 1547; x_wconf 87' lang='lat' dir='ltr'>infundibula</span> <span class='ocrx_word' id='word_1_65' title='bbox 1391 1529 1416 1563; x_wconf 91' lang='lat'>,</span> <span class='ocrx_word' id='word_1_66' title='bbox 1478 1499 1694 1546; x_wconf 85' lang='lat' dir='ltr'>omnes</span> <span class='ocrx_word' id='word_1_67' title='bbox 1738 1480 2019 1546; x_wconf 90' lang='lat' dir='ltr'>omnium</span> <span class='ocrx_word' id='word_1_68' title='bbox 2075 1499 2171 1547; x_wconf 82' lang='lat' dir='ltr'>re·</span> 
     </span>
     <span class='ocr_line' id='line_1_10' title="bbox 294 1597 2167 1683; baseline 0.002 -20"><span class='ocrx_word' id='word_1_69' title='bbox 294 1615 431 1663; x_wconf 88' lang='lat' dir='ltr'>rum</span> <span class='ocrx_word' id='word_1_70' title='bbox 480 1597 783 1665; x_wconf 85' lang='lat' dir='ltr'>notiones</span> <span class='ocrx_word' id='word_1_71' title='bbox 835 1598 1145 1683; x_wconf 88' lang='lat' dir='ltr'>acciperet</span> <span class='ocrx_word' id='word_1_72' title='bbox 1169 1646 1195 1679; x_wconf 93' lang='lat'>,</span> <span class='ocrx_word' id='word_1_73' title='bbox 1253 1598 1699 1681; x_wconf 73' lang='lat' dir='ltr'>sophistarum</span> <span class='ocrx_word' id='word_1_74' title='bbox 1758 1599 2167 1683; x_wconf 74' lang='lat' dir='ltr'>probaremus</span> 
     </span>
     <span class='ocr_line' id='line_1_11' title="bbox 292 1712 2169 1801; baseline 0.002 -22"><span class='ocrx_word' id='word_1_75' title='bbox 292 1712 501 1780; x_wconf 83' lang='lat' dir='ltr'>studia</span> <span class='ocrx_word' id='word_1_76' title='bbox 525 1762 550 1796; x_wconf 91' lang='lat'>,</span> <span class='ocrx_word' id='word_1_77' title='bbox 577 1715 689 1797; x_wconf 88' lang='lat' dir='ltr'>qui</span> <span class='ocrx_word' id='word_1_78' title='bbox 727 1714 853 1798; x_wconf 89' lang='lat' dir='ltr'>ipsi</span> <span class='ocrx_word' id='word_1_79' title='bbox 887 1715 1233 1781; x_wconf 86' lang='lat' dir='ltr'>doctrinam</span> <span class='ocrx_word' id='word_1_80' title='bbox 1255 1716 1320 1781; x_wconf 88' lang='lat' dir='ltr'>in</span> <span class='ocrx_word' id='word_1_81' title='bbox 1334 1716 1640 1801; x_wconf 85' lang='lat' dir='ltr'>J‘uvenum</span> <span class='ocrx_word' id='word_1_82' title='bbox 1678 1715 1919 1783; x_wconf 88' lang='lat' dir='ltr'>animos</span> <span class='ocrx_word' id='word_1_83' title='bbox 1955 1714 2169 1783; x_wconf 82' lang='lat' dir='ltr'>infun-</span> 
     </span>
     <span class='ocr_line' id='line_1_12' title="bbox 293 1831 2162 1918; baseline 0.002 -20"><span class='ocrx_word' id='word_1_84' title='bbox 293 1831 441 1898; x_wconf 87' lang='lat' dir='ltr'>dere</span> <span class='ocrx_word' id='word_1_85' title='bbox 488 1832 1000 1916; x_wconf 83' lang='lat' dir='ltr'>pollicebantur,</span> <span class='ocrx_word' id='word_1_86' title='bbox 1046 1834 1322 1901; x_wconf 89' lang='lat' dir='ltr'>Socratis</span> <span class='ocrx_word' id='word_1_87' title='bbox 1348 1852 1506 1900; x_wconf 78' lang='lat' dir='ltr'>vero</span> <span class='ocrx_word' id='word_1_88' title='bbox 1547 1834 1936 1918; x_wconf 83' lang='lat' dir='ltr'>disciplinam</span> <span class='ocrx_word' id='word_1_89' title='bbox 1960 1881 1985 1915; x_wconf 94' lang='lat'>,</span> <span class='ocrx_word' id='word_1_90' title='bbox 2030 1852 2162 1902; x_wconf 89' lang='lat' dir='ltr'>non</span> 
     </span>
    </p>
   </div>
   <div class='ocr_carea' id='block_1_5' title="bbox 288 1945 2272 2149">
    <p class='ocr_par' dir='ltr' id='par_1_5' title="bbox 288 1945 2272 2149">
     <span class='ocr_line' id='line_1_13' title="bbox 288 1945 2272 2034; baseline 0 -22"><span class='ocrx_word' id='word_1_91' title='bbox 288 1945 437 2020; x_wconf 79' lang='lat' dir='ltr'>dico</span> <span class='ocrx_word' id='word_1_92' title='bbox 482 1966 616 2013; x_wconf 91' lang='lat' dir='ltr'>non</span> <span class='ocrx_word' id='word_1_93' title='bbox 669 1948 934 2031; x_wconf 87' lang='lat' dir='ltr'>probare</span> <span class='ocrx_word' id='word_1_94' title='bbox 972 1962 1082 2014; x_wconf 86' lang='lat' dir='ltr'>aut</span> <span class='ocrx_word' id='word_1_95' title='bbox 1142 1949 1425 2015; x_wconf 85' lang='lat' dir='ltr'>admirari</span> <span class='ocrx_word' id='word_1_96' title='bbox 1449 1994 1475 2029; x_wconf 90' lang='lat'>,</span> <span class='ocrx_word' id='word_1_97' title='bbox 1519 1949 1634 2015; x_wconf 90' lang='lat' dir='ltr'>sed</span> <span class='ocrx_word' id='word_1_98' title='bbox 1673 1966 1756 2016; x_wconf 87' lang='lat' dir='ltr'>ne</span> <span class='ocrx_word' id='word_1_99' title='bbox 1813 1946 2164 2034; x_wconf 86' lang='lat' dir='ltr'>intelligere</span> <span class='ocrx_word' id='word_1_100' title='bbox 2265 1953 2272 1962; x_wconf 87' lang='lat'><em>&#39;</em></span> 
     </span>
     <span class='ocr_line' id='line_1_14' title="bbox 293 2064 2202 2149; baseline -0.003 -17"><span class='ocrx_word' id='word_1_101' title='bbox 293 2065 548 2148; x_wconf 86' lang='lat' dir='ltr'>quidem</span> <span class='ocrx_word' id='word_1_102' title='bbox 605 2083 966 2149; x_wconf 87' lang='lat' dir='ltr'>possemus.</span> <span class='ocrx_word' id='word_1_103' title='bbox 1059 2065 1252 2132; x_wconf 90' lang='lat' dir='ltr'>Nunc</span> <span class='ocrx_word' id='word_1_104' title='bbox 1301 2083 1424 2132; x_wconf 88' lang='lat' dir='ltr'>nos</span> <span class='ocrx_word' id='word_1_105' title='bbox 1486 2064 1805 2132; x_wconf 77' lang='lat' dir='ltr'>Socratem</span> <span class='ocrx_word' id='word_1_106' title='bbox 1846 2078 1910 2131; x_wconf 92' lang='lat' dir='ltr'>et</span> <span class='ocrx_word' id='word_1_107' title='bbox 1949 2064 2162 2131; x_wconf 84' lang='lat' dir='ltr'>Plato·</span> <span class='ocrx_word' id='word_1_108' title='bbox 2197 2123 2202 2126; x_wconf 83' lang='grc'>.</span> 
     </span>
    </p>
   </div>
   <div class='ocr_carea' id='block_1_6' title="bbox 212 2179 2172 4046">
    <p class='ocr_par' dir='ltr' id='par_1_6' title="bbox 212 2179 2172 3440">
     <span class='ocr_line' id='line_1_15' title="bbox 288 2179 2159 2260; baseline 0 -11"><span class='ocrx_word' id='word_1_109' title='bbox 288 2199 429 2249; x_wconf 87' lang='lat' dir='ltr'>nem</span> <span class='ocrx_word' id='word_1_110' title='bbox 467 2182 719 2260; x_wconf 89' lang='lat' dir='ltr'>secuti,</span> <span class='ocrx_word' id='word_1_111' title='bbox 762 2182 940 2248; x_wconf 86' lang='lat' dir='ltr'>aliter</span> <span class='ocrx_word' id='word_1_112' title='bbox 979 2182 1059 2248; x_wconf 92' lang='lat' dir='ltr'>de</span> <span class='ocrx_word' id='word_1_113' title='bbox 1098 2184 1306 2249; x_wconf 85' lang='lat' dir='ltr'>animo</span> <span class='ocrx_word' id='word_1_114' title='bbox 1373 2196 1598 2249; x_wconf 87' lang='lat' dir='ltr'>nostro</span> <span class='ocrx_word' id='word_1_115' title='bbox 1656 2183 2011 2251; x_wconf 85' lang='lat' dir='ltr'>existimare</span> <span class='ocrx_word' id='word_1_116' title='bbox 2063 2179 2159 2249; x_wconf 87' lang='lat' dir='ltr'>di-</span> 
     </span>
     <span class='ocr_line' id='line_1_16' title="bbox 288 2299 2156 2381; baseline 0.001 -16"><span class='ocrx_word' id='word_1_117' title='bbox 288 2299 553 2366; x_wconf 71' lang='lat' dir='ltr'>fficimus</span> <span class='ocrx_word' id='word_1_118' title='bbox 570 2346 597 2381; x_wconf 92' lang='lat'>,</span> <span class='ocrx_word' id='word_1_119' title='bbox 677 2317 809 2366; x_wconf 91' lang='lat' dir='ltr'>non</span> <span class='ocrx_word' id='word_1_120' title='bbox 871 2299 1157 2366; x_wconf 78' lang='lat' dir='ltr'>tabulam</span> <span class='ocrx_word' id='word_1_121' title='bbox 1212 2299 1390 2366; x_wconf 90' lang='lat' dir='ltr'>illum</span> <span class='ocrx_word' id='word_1_122' title='bbox 1458 2319 1674 2366; x_wconf 81' lang='lat' dir='ltr'>rasam</span> <span class='ocrx_word' id='word_1_123' title='bbox 1732 2317 1874 2367; x_wconf 91' lang='lat' dir='ltr'>esse</span> <span class='ocrx_word' id='word_1_124' title='bbox 1894 2345 1918 2380; x_wconf 98' lang='lat'>,</span> <span class='ocrx_word' id='word_1_125' title='bbox 1994 2301 2107 2367; x_wconf 85' lang='lat' dir='ltr'>sed</span> <span class='ocrx_word' id='word_1_126' title='bbox 2127 2347 2156 2380; x_wconf 82' lang='lat'>,</span> 
     </span>
     <span class='ocr_line' id='line_1_17' title="bbox 287 2415 2163 2501; baseline 0.002 -20"><span class='ocrx_word' id='word_1_127' title='bbox 287 2416 419 2501; x_wconf 81' lang='lat' dir='ltr'>agri</span> <span class='ocrx_word' id='word_1_128' title='bbox 480 2415 676 2482; x_wconf 86' lang='lat' dir='ltr'>instar</span> <span class='ocrx_word' id='word_1_129' title='bbox 702 2462 726 2496; x_wconf 95' lang='lat'>,</span> <span class='ocrx_word' id='word_1_130' title='bbox 795 2421 1017 2482; x_wconf 69' lang='lat' dir='ltr'>natura</span> <span class='ocrx_word' id='word_1_131' title='bbox 1066 2415 1324 2482; x_wconf 84' lang='lat' dir='ltr'>uberem</span> <span class='ocrx_word' id='word_1_132' title='bbox 1375 2429 1439 2482; x_wconf 90' lang='lat' dir='ltr'>et</span> <span class='ocrx_word' id='word_1_133' title='bbox 1517 2415 1943 2484; x_wconf 82' lang='lat' dir='ltr'>foecundum:</span> <span class='ocrx_word' id='word_1_134' title='bbox 2028 2419 2163 2501; x_wconf 83' lang='lat' dir='ltr'>ple·</span> 
     </span>
     <span class='ocr_line' id='line_1_18' title="bbox 270 2513 2172 2620; baseline 0.001 -21"><span class='ocrx_word' id='word_1_135' title='bbox 270 2517 442 2599; x_wconf 53' lang='lat' dir='ltr'>&#39;num</span> <span class='ocrx_word' id='word_1_136' title='bbox 489 2525 655 2599; x_wconf 83' lang='lat' dir='ltr'>enim</span> <span class='ocrx_word' id='word_1_137' title='bbox 700 2550 846 2599; x_wconf 89' lang='lat' dir='ltr'>esse</span> <span class='ocrx_word' id='word_1_138' title='bbox 895 2533 1146 2615; x_wconf 91' lang='lat' dir='ltr'>pulcri,</span> <span class='ocrx_word' id='word_1_139' title='bbox 1205 2532 1411 2613; x_wconf 88' lang='lat' dir='ltr'>boni,</span> <span class='ocrx_word' id='word_1_140' title='bbox 1467 2534 1673 2620; x_wconf 87' lang='lat' dir='ltr'>justi,</span> <span class='ocrx_word' id='word_1_141' title='bbox 1739 2535 1942 2618; x_wconf 78' lang='lat' dir='ltr'>ipsi&#39;us</span> <span class='ocrx_word' id='word_1_142' title='bbox 2003 2513 2172 2602; x_wconf 83' lang='lat' dir='ltr'>veri·</span> 
     </span>
     <span class='ocr_line' id='line_1_19' title="bbox 290 2648 2160 2734; baseline 0.003 -19"><span class='ocrx_word' id='word_1_143' title='bbox 290 2649 435 2716; x_wconf 83' lang='lat' dir='ltr'>tatis</span> <span class='ocrx_word' id='word_1_144' title='bbox 490 2649 632 2716; x_wconf 85' lang='lat' dir='ltr'>sive</span> <span class='ocrx_word' id='word_1_145' title='bbox 695 2648 1178 2717; x_wconf 89' lang='lat' dir='ltr'>reminiscentiis</span> <span class='ocrx_word' id='word_1_146' title='bbox 1209 2697 1234 2731; x_wconf 90' lang='lat'>‚</span> <span class='ocrx_word' id='word_1_147' title='bbox 1317 2652 1452 2718; x_wconf 91' lang='lat' dir='ltr'>sive</span> <span class='ocrx_word' id='word_1_148' title='bbox 1518 2651 1893 2719; x_wconf 88' lang='lat' dir='ltr'>notionibus</span> <span class='ocrx_word' id='word_1_149' title='bbox 1934 2700 1958 2734; x_wconf 93' lang='lat'>,</span> <span class='ocrx_word' id='word_1_150' title='bbox 2021 2653 2160 2720; x_wconf 88' lang='lat' dir='ltr'>sive</span> 
     </span>
     <span class='ocr_line' id='line_1_20' title="bbox 284 2765 2162 2853; baseline 0.002 -20"><span class='ocrx_word' id='word_1_151' title='bbox 284 2765 579 2833; x_wconf 86' lang='lat' dir='ltr'>sensibus</span> <span class='ocrx_word' id='word_1_152' title='bbox 636 2765 1019 2849; x_wconf 85' lang='lat' dir='ltr'>studiisque.</span> <span class='ocrx_word' id='word_1_153' title='bbox 1111 2767 1203 2833; x_wconf 89' lang='lat' dir='ltr'>Et</span> <span class='ocrx_word' id='word_1_154' title='bbox 1261 2767 1555 2853; x_wconf 86' lang='lat' dir='ltr'>profecto</span> <span class='ocrx_word' id='word_1_155' title='bbox 1611 2769 1754 2835; x_wconf 80' lang='lat' dir='ltr'>talis</span> <span class='ocrx_word' id='word_1_156' title='bbox 1828 2785 1929 2836; x_wconf 89' lang='lat' dir='ltr'>est</span> <span class='ocrx_word' id='word_1_157' title='bbox 1980 2789 2162 2853; x_wconf 86' lang='lat' dir='ltr'>pror-</span> 
     </span>
     <span class='ocr_line' id='line_1_21' title="bbox 289 2882 2168 2966; baseline 0.001 -16"><span class='ocrx_word' id='word_1_158' title='bbox 289 2903 396 2950; x_wconf 88' lang='lat' dir='ltr'>sus</span> <span class='ocrx_word' id='word_1_159' title='bbox 422 2932 447 2965; x_wconf 89' lang='lat'>,</span> <span class='ocrx_word' id='word_1_160' title='bbox 495 2899 687 2966; x_wconf 90' lang='lat' dir='ltr'>quem</span> <span class='ocrx_word' id='word_1_161' title='bbox 735 2884 915 2950; x_wconf 90' lang='lat' dir='ltr'>Plato</span> <span class='ocrx_word' id='word_1_162' title='bbox 955 2882 1143 2949; x_wconf 88' lang='lat' dir='ltr'>nobis</span> <span class='ocrx_word' id='word_1_163' title='bbox 1210 2885 1619 2966; x_wconf 84' lang='lat' dir='ltr'>spectandum</span> <span class='ocrx_word' id='word_1_164' title='bbox 1660 2884 1872 2965; x_wconf 89' lang='lat' dir='ltr'>dedit,</span> <span class='ocrx_word' id='word_1_165' title='bbox 1920 2884 2168 2952; x_wconf 82' lang='lat' dir='ltr'>Theae-</span> 
     </span>
     <span class='ocr_line' id='line_1_22' title="bbox 291 2999 2166 3087; baseline -0.001 -18"><span class='ocrx_word' id='word_1_166' title='bbox 291 3016 458 3069; x_wconf 86' lang='lat' dir='ltr'>tetus</span> <span class='ocrx_word' id='word_1_167' title='bbox 477 3048 504 3083; x_wconf 90' lang='lat'>,</span> <span class='ocrx_word' id='word_1_168' title='bbox 546 2999 868 3067; x_wconf 85' lang='lat' dir='ltr'>foecundo</span> <span class='ocrx_word' id='word_1_169' title='bbox 912 3000 1167 3086; x_wconf 85' lang='lat' dir='ltr'>ingenio</span> <span class='ocrx_word' id='word_1_170' title='bbox 1208 3002 1572 3068; x_wconf 81' lang='lat' dir='ltr'>adolescens</span> <span class='ocrx_word' id='word_1_171' title='bbox 1595 3047 1620 3083; x_wconf 94' lang='lat'>,</span> <span class='ocrx_word' id='word_1_172' title='bbox 1666 3014 1740 3067; x_wconf 90' lang='lat' dir='ltr'>ut</span> <span class='ocrx_word' id='word_1_173' title='bbox 1779 3000 2166 3087; x_wconf 83' lang='lat' dir='ltr'>perspiceret</span> 
     </span>
     <span class='ocr_line' id='line_1_23' title="bbox 287 3119 2167 3203; baseline 0.001 -17"><span class='ocrx_word' id='word_1_174' title='bbox 287 3120 617 3203; x_wconf 85' lang='lat' dir='ltr'>Socrates,</span> <span class='ocrx_word' id='word_1_175' title='bbox 662 3119 943 3186; x_wconf 85' lang='lat' dir='ltr'>veritatis</span> <span class='ocrx_word' id='word_1_176' title='bbox 987 3119 1163 3185; x_wconf 88' lang='lat' dir='ltr'>illum</span> <span class='ocrx_word' id='word_1_177' title='bbox 1198 3137 1410 3185; x_wconf 86' lang='lat' dir='ltr'>amore</span> <span class='ocrx_word' id='word_1_178' title='bbox 1450 3119 1766 3186; x_wconf 87' lang='lat' dir='ltr'>ardentem</span> <span class='ocrx_word' id='word_1_179' title='bbox 1807 3120 2002 3186; x_wconf 86' lang='lat' dir='ltr'>multa</span> <span class='ocrx_word' id='word_1_180' title='bbox 2047 3120 2167 3187; x_wconf 84' lang='lat' dir='ltr'>du·</span> 
     </span>
     <span class='ocr_line' id='line_1_24' title="bbox 281 3236 2161 3322; baseline -0.002 -18"><span class='ocrx_word' id='word_1_181' title='bbox 281 3237 431 3304; x_wconf 86' lang='lat' dir='ltr'>dum</span> <span class='ocrx_word' id='word_1_182' title='bbox 492 3236 703 3314; x_wconf 80' lang='lat' dir='ltr'>animo</span> <span class='ocrx_word' id='word_1_183' title='bbox 744 3237 1112 3320; x_wconf 87' lang='lat' dir='ltr'>concepisse</span> <span class='ocrx_word' id='word_1_184' title='bbox 1140 3238 1395 3322; x_wconf 78' lang='lat' dir='ltr'>jamque</span> <span class='ocrx_word' id='word_1_185' title='bbox 1443 3255 1662 3322; x_wconf 89' lang='lat' dir='ltr'>parere</span> <span class='ocrx_word' id='word_1_186' title='bbox 1713 3237 1967 3322; x_wconf 86' lang='lat' dir='ltr'>gestire.</span> <span class='ocrx_word' id='word_1_187' title='bbox 2015 3237 2161 3302; x_wconf 84' lang='lat' dir='ltr'>Nos</span> 
     </span>
     <span class='ocr_line' id='line_1_25' title="bbox 212 3352 2159 3440; baseline -0.002 -20"><span class='ocrx_word' id='word_1_188' title='bbox 212 3435 217 3440; x_wconf 19' lang='grc' dir='ltr'>Ι</span> <span class='ocrx_word' id='word_1_189' title='bbox 284 3371 444 3420; x_wconf 81' lang='lat' dir='ltr'>vero</span> <span class='ocrx_word' id='word_1_190' title='bbox 467 3399 492 3434; x_wconf 91' lang='lat'>,</span> <span class='ocrx_word' id='word_1_191' title='bbox 559 3353 673 3436; x_wconf 91' lang='lat' dir='ltr'>qui</span> <span class='ocrx_word' id='word_1_192' title='bbox 729 3352 1151 3436; x_wconf 88' lang='lat' dir='ltr'>spectavimus</span> <span class='ocrx_word' id='word_1_193' title='bbox 1242 3372 1461 3420; x_wconf 88' lang='lat' dir='ltr'>uerum</span> <span class='ocrx_word' id='word_1_194' title='bbox 1483 3401 1508 3435; x_wconf 91' lang='lat'><strong>‚</strong></span> <span class='ocrx_word' id='word_1_195' title='bbox 1555 3354 1775 3437; x_wconf 85' lang='lat' dir='ltr'>quidni</span> <span class='ocrx_word' id='word_1_196' title='bbox 1806 3353 2112 3420; x_wconf 83' lang='lat' dir='ltr'>fateamur</span> <span class='ocrx_word' id='word_1_197' title='bbox 2132 3399 2159 3434; x_wconf 93' lang='lat'>,</span> 
     </span>
    </p>

    <p class='ocr_par' dir='ltr' id='par_1_7' title="bbox 238 3375 2171 4046">
     <span class='ocr_line' id='line_1_26' title="bbox 283 3375 2169 3555; baseline -0.001 -18"><span class='ocrx_word' id='word_1_198' title='bbox 283 3471 413 3538; x_wconf 86' lang='lat' dir='ltr'>nisi</span> <span class='ocrx_word' id='word_1_199' title='bbox 473 3470 673 3537; x_wconf 86' lang='lat' dir='ltr'>eidem</span> <span class='ocrx_word' id='word_1_200' title='bbox 701 3518 726 3552; x_wconf 91' lang='lat'>,</span> <span class='ocrx_word' id='word_1_201' title='bbox 789 3489 933 3538; x_wconf 89' lang='lat' dir='ltr'>cum</span> <span class='ocrx_word' id='word_1_202' title='bbox 983 3469 1117 3537; x_wconf 87' lang='lat' dir='ltr'>veri</span> <span class='ocrx_word' id='word_1_203' title='bbox 1178 3375 1390 3540; x_wconf 51' lang='lat' dir='ltr'>:inore</span> <span class='ocrx_word' id='word_1_204' title='bbox 1409 3516 1435 3552; x_wconf 85' lang='lat'>‚</span> <span class='ocrx_word' id='word_1_205' title='bbox 1506 3474 1751 3555; x_wconf 70' lang='grc' dir='ltr'>ὄργανον</span> <span class='ocrx_word' id='word_1_206' title='bbox 1806 3469 1961 3535; x_wconf 86' lang='lat' dir='ltr'>illud</span> <span class='ocrx_word' id='word_1_207' title='bbox 2027 3469 2169 3535; x_wconf 85' lang='lat' dir='ltr'>sive</span> 
     </span>
     <span class='ocr_line' id='line_1_27' title="bbox 283 3576 2171 3668; baseline -0.003 -11"><span class='ocrx_word' id='word_1_208' title='bbox 283 3587 557 3657; x_wconf 83' lang='lat' dir='ltr'>facultas</span> <span class='ocrx_word' id='word_1_209' title='bbox 608 3586 849 3654; x_wconf 85' lang='lat' dir='ltr'>inesset</span> <span class='ocrx_word' id='word_1_210' title='bbox 903 3587 1036 3653; x_wconf 82' lang='lat' dir='ltr'>veri</span> <span class='ocrx_word' id='word_1_211' title='bbox 1096 3586 1385 3654; x_wconf 87' lang='lat' dir='ltr'>intuendi</span> <span class='ocrx_word' id='word_1_212' title='bbox 1442 3576 1907 3667; x_wconf 68' lang='lat' dir='ltr'>quodammodo</span> <span class='ocrx_word' id='word_1_213' title='bbox 1932 3629 1957 3666; x_wconf 91' lang='lat'>,</span> <span class='ocrx_word' id='word_1_214' title='bbox 2019 3603 2171 3668; x_wconf 84' lang='lat' dir='ltr'>pro·</span> 
     </span>
     <span class='ocr_line' id='line_1_28' title="bbox 286 3698 2159 3792; baseline -0.004 -18"><span class='ocrx_word' id='word_1_215' title='bbox 286 3725 541 3792; x_wconf 85' lang='lat' dir='ltr'>gressus</span> <span class='ocrx_word' id='word_1_216' title='bbox 579 3698 719 3791; x_wconf 84' lang='lat' dir='ltr'>ejus</span> <span class='ocrx_word' id='word_1_217' title='bbox 764 3705 831 3771; x_wconf 87' lang='lat' dir='ltr'>in</span> <span class='ocrx_word' id='word_1_218' title='bbox 883 3705 1074 3772; x_wconf 87' lang='lat' dir='ltr'>rebus</span> <span class='ocrx_word' id='word_1_219' title='bbox 1123 3701 1521 3790; x_wconf 81' lang='lat' dir='ltr'>geometricis</span> <span class='ocrx_word' id='word_1_220' title='bbox 1572 3719 1686 3768; x_wconf 90' lang='lat' dir='ltr'>nec</span> <span class='ocrx_word' id='word_1_221' title='bbox 1742 3700 2159 3768; x_wconf 87' lang='lat' dir='ltr'>Theodorum</span> 
     </span>
     <span class='ocr_line' id='line_1_29' title="bbox 286 3816 2171 3909; baseline -0.002 -20"><span class='ocrx_word' id='word_1_222' title='bbox 286 3824 643 3909; x_wconf 86' lang='lat' dir='ltr'>praedicare</span> <span class='ocrx_word' id='word_1_223' title='bbox 679 3841 794 3889; x_wconf 88' lang='lat' dir='ltr'>nec</span> <span class='ocrx_word' id='word_1_224' title='bbox 830 3823 1042 3907; x_wconf 87' lang='lat' dir='ltr'>ipsum</span> <span class='ocrx_word' id='word_1_225' title='bbox 1083 3821 1355 3906; x_wconf 85' lang='lat' dir='ltr'>probare</span> <span class='ocrx_word' id='word_1_226' title='bbox 1393 3818 1738 3908; x_wconf 70' lang='lat' dir='ltr'>potuisse?</span> <span class='ocrx_word' id='word_1_227' title='bbox 1784 3818 1907 3886; x_wconf 82' lang='lat' dir='ltr'>Sed</span> <span class='ocrx_word' id='word_1_228' title='bbox 1944 3818 2022 3885; x_wconf 87' lang='lat' dir='ltr'>ad</span> <span class='ocrx_word' id='word_1_229' title='bbox 2065 3816 2171 3900; x_wconf 53' lang='lat' dir='ltr'>ipq</span> 
     </span>
     <span class='ocr_line' id='line_1_30' title="bbox 238 3939 1473 4046; baseline -0.006 -35"><span class='ocrx_word' id='word_1_230' title='bbox 238 4023 253 4046; x_wconf 51' lang='lat'><strong>·</strong></span> <span class='ocrx_word' id='word_1_231' title='bbox 295 3960 406 4012; x_wconf 75' lang='lat' dir='ltr'>sos</span> <span class='ocrx_word' id='word_1_232' title='bbox 447 3957 773 4006; x_wconf 90' lang='lat' dir='ltr'>sermones</span> <span class='ocrx_word' id='word_1_233' title='bbox 829 3940 1196 4007; x_wconf 85' lang='lat' dir='ltr'>accedamus</span> <span class='ocrx_word' id='word_1_234' title='bbox 1238 3939 1473 4005; x_wconf 88' lang='lat' dir='ltr'>denuo.</span> 
     </span>
    </p>
   </div>
   <div class='ocr_carea' id='block_1_7' title="bbox 381 4029 2174 4233">
    <p class='ocr_par' dir='ltr' id='par_1_8' title="bbox 381 4029 2174 4233">
     <span class='ocr_line' id='line_1_31' title="bbox 381 4029 2174 4140; baseline -0.002 -18"><span class='ocrx_word' id='word_1_235' title='bbox 381 4054 767 4125; x_wconf 83' lang='lat' dir='ltr'>Theaetetus</span> <span class='ocrx_word' id='word_1_236' title='bbox 794 4101 818 4140; x_wconf 91' lang='lat'>,</span> <span class='ocrx_word' id='word_1_237' title='bbox 842 4056 1000 4139; x_wconf 82' lang='lat' dir='ltr'>quid</span> <span class='ocrx_word' id='word_1_238' title='bbox 1037 4054 1211 4123; x_wconf 85' lang='lat' dir='ltr'>istud</span> <span class='ocrx_word' id='word_1_239' title='bbox 1235 4069 1402 4124; x_wconf 86' lang='lat' dir='ltr'>esset</span> <span class='ocrx_word' id='word_1_240' title='bbox 1424 4102 1448 4138; x_wconf 85' lang='lat'>,</span> <span class='ocrx_word' id='word_1_241' title='bbox 1514 4053 1645 4122; x_wconf 91' lang='lat' dir='ltr'>uod</span> <span class='ocrx_word' id='word_1_242' title='bbox 1669 4054 1961 4122; x_wconf 84' lang='lat' dir='ltr'>Socrates</span> <span class='ocrx_word' id='word_1_243' title='bbox 2000 4029 2174 4120; x_wconf 76' lang='lat' dir='ltr'>dixe-</span> 
     </span>
     <span class='ocr_line' id='line_1_32' title="bbox 2025 4181 2163 4233; baseline 0.014 -3"><span class='ocrx_word' id='word_1_244' title='bbox 2025 4181 2163 4233; x_wconf 65' lang='lat' dir='ltr'>rata</span> 
     </span>
    </p>
   </div>
  </div>
 </body>
</html>
