2900 4817
1511 475 1857 556 ”¹¹9⁶—

739 673 884 742 quo
953 657 1202 742 plenius
1270 656 1335 722 id
1415 654 1830 740 intelligamus
1853 701 1877 734 ‚
1962 674 2093 738 quo
2160 655 2606 739 perspiciamoe

637 793 646 812 ·
741 776 1018 844 interius
1041 821 1066 855 ,
1109 790 1273 856 quae
1315 771 1396 838 de
1441 772 1715 837 Platonis
1764 757 2074 837 sententia
2126 788 2270 837 vera
2291 772 2610 854 ,eloquen-

743 894 883 972 εἰει,
925 891 1084 974 quid
1126 888 1383 954 omnino
1438 885 1503 953 in
1543 888 1684 971 ipsa
1721 888 2086 970 eloquentia
2129 908 2437 956 summum
2477 891 2611 973 sit,

747 1009 850 1075 vis
903 1008 1092 1073 nobis
1143 991 1587 1090 philosophiae
1628 1005 1707 1069 ad
1760 1004 1921 1071 bene
1960 1004 2287 1071 dicendum
2341 1024 2422 1072 ex
2455 1005 2615 1091 ipsis

754 1123 1197 1209 philosophiae
1252 1120 1578 1204 principiis
1632 1122 1990 1187 declaranda
2044 1136 2179 1189 est:
2242 1122 2360 1190 erit
2404 1136 2611 1190 autem

743 1241 894 1326 ipse
941 1240 1134 1308 :nobis
1187 1240 1363 1306 Plato
1383 1286 1408 1319 ,
1451 1238 1517 1304 in
1557 1238 1670 1305 hac
1723 1239 2081 1322 praesertim
2132 1237 2614 1323 disquisitione,

749 1360 889 1426 dux
952 1370 1019 1423 et
1070 1355 1364 1441 magister
1420 1355 1723 1440 optimuS.
1786 1431 1791 1434 ,
2002 1439 2009 1448 .
2580 1355 2583 1362 ’

843 1474 1010 1540 Nam
1047 1487 1122 1539 ut
1157 1470 1479 1557 Apologia
1530 1473 1635 1539 ille
1673 1472 1998 1541 scribenda
2019 1520 2044 1554 ,
2087 1472 2418 1542 scribendo
2463 1474 2614 1542 item

759 1592 1129 1658 Menexeno
1154 1637 1179 1672 ,
1242 1592 1595 1673 exemplum
1644 1591 1816 1657 dedit
1872 1608 2054 1657 sanae
2100 1589 2623 1676 incorruptaeque

743 1708 1193 1790 maitiae,
1238 1705 1324 1772 ita
1385 1707 1448 1771 in
1487 1708 1769 1772 Phaedro
1811 1707 2301 1792 praesertimque
2337 1708 2404 1774 in
2445 1708 2627 1776 Gor·

747 1823 859 1907 §a
917 1839 996 1889 ex
1069 1822 1287 1887 intima
1356 1821 1765 1906 philosophia
1840 1823 2236 1906 eloquentiae
2313 1822 2620 1908 principia

746 1938 965 2006 duxit.
1048 1939 1124 2004 In
1172 1938 1414 2024 Gorgia
1449 1952 1659 2005 autem
1708 1939 1850 2007 data
1889 1942 2084 2023 opera
2125 1941 2618 2022 demonstravit,

748 2055 882 2123 uisi
919 2055 1077 2122 insit
1118 2056 1351 2121 oratori
1395 2056 1807 2141 philosophia
1828 2104 1852 2137 ‚
1894 2056 2419 2141 propositumque
2461 2057 2515 2123 is
2557 2056 2623 2123 in

748 2171 1024 2237 dicendo
1084 2172 1303 2237 habeat
1361 2191 1653 2258 magnum
1677 2220 1701 2255 ,
1742 2176 2124 2257 praeclarum
2183 2171 2479 2255 tantaque
2526 2194 2627 2240 ar-

751 2299 826 2356 te
884 2288 1142 2374 dignum
1164 2335 1188 2370 ,
1266 2289 1465 2356 levem
1534 2291 1905 2374 inanemque
1958 2308 2099 2357 esse
2119 2337 2145 2372 ,
2232 2290 2387 2374 quin
2432 2288 2618 2357 etiam

751 2402 1057 2489 &jectam
1107 2418 1171 2471 et
1222 2405 1466 2471 civitati
1517 2406 1932 2490 perniciosam
2006 2408 2424 2491 eloquentiam
2488 2427 2626 2474 om-

751 2538 930 2587 nem.
1002 2502 1241 2603 'ltaque
1294 2537 1368 2589 ut
1408 2522 1711 2604 haberet,
1771 2542 2039 2607 quorum
2073 2524 2414 2590 sententiae
2445 2544 2621 2591 suam

752 2635 902 2719 ipse
957 2637 1329 2703 sententiam
1376 2652 1729 2724 opponeret
1751 2687 1775 2721 ‚
1818 2639 2133 2724 principes
2174 2641 2475 2724 quosdam
2517 2661 2630 2709 so-

750 2753 1004 2838 phistas
1059 2772 1204 2822 cum
1262 2754 1522 2823 Socrate
1562 2757 1996 2839 colloquentes
2064 2757 2308 2824 induxit
2331 2804 2356 2839 ,
2444 2757 2617 2825 Gor-

754 2870 922 2955 giam
944 2917 970 2954 ,
1034 2871 1260 2940 Polum
1277 2920 1304 2955 ,
1368 2874 1688 2941 Calliclem
1708 2921 1733 2955 ,
1791 2873 1902 2955 qui
1961 2892 2076 2940 nec
2126 2874 2273 2970 veri·
2301 2893 2417 2943 nec
2468 2877 2631 2962 justi

757 2989 952 3058 ullam
1011 2989 1310 3057 habentes
1372 2990 1671 3057 rationem
1697 3036 1721 3071 ‚
1764 2990 1941 3076 vulgi
1989 2993 2196 3057 solum
2240 3011 2446 3057 auram
2484 3013 2631 3077 cap·

757 3119 892 3202 tare
945 3105 1210 3173 dicendo
1273 3108 1625 3175 studerent.
1713 3108 1804 3174 Et
1849 3108 2116 3191 primum
2159 3108 2412 3191 quidem
2456 3108 2633 3176 Gor·

760 3219 924 3306 giam
965 3221 1045 3287 de
1087 3220 1240 3287 artis
1283 3238 1503 3289 natura
1539 3224 1945 3291 disserentem
1981 3221 2158 3290 fecit.
2246 3224 2412 3290 Nam
2446 3240 2631 3308 post-

759 3354 955 3420 quam
1018 3355 1193 3404 more
1243 3357 1367 3404 suo
1423 3340 1711 3406 Socrates
1734 3388 1757 3421 ‚
1805 3340 1963 3423 quid
2002 3355 2169 3407 esset
2227 3341 2628 3424 eloquentia,

759 3454 1050 3538 quidque
1079 3453 1135 3521 is
1167 3455 1610 3540 profiteretur,
1661 3457 1772 3541 qui
1806 3476 1878 3524 se
1923 3459 2318 3540 eloquentem
2360 3457 2629 3543 diceret,

762 3572 1158 3653 quaesiverat
1182 3619 1206 3654 ,
1271 3573 1363 3639 sic
1440 3574 1713 3656 Gorgias
1768 3575 1847 3641 ad
1892 3576 2013 3641 'has
2076 3574 2472 3658 quaestiones
2535 3592 2633 3641 re·

765 3688 1086 3770 spondet,
1128 3702 1202 3753 ut
1265 3707 1407 3756 esse
1473 3690 1635 3755 dicat
1697 3705 1889 3757 artem
1949 3691 2193 3756 dicendi
2241 3695 2469 3767 πειθοῦς
2531 3695 2634 3770 3η-

759 3808 1042 3890 μιουργὸν
1085 3803 1148 3848 ‘¹‘
1164 3851 1189 3886 ,
1221 3810 1642 3894 persuasionis
1679 3805 2078 3892 effectricem,
2122 3819 2404 3876 oratores
2427 3820 2633 3878 auten

1131 3901 1136 3908 .
2241 3923 2246 3928 ⁴
2523 3940 2634 4006 ap.

840 4051 923 4122 (ι)
962 4041 1134 4122 Gorg:
1168 4052 1272 4108 4⁵5
1309 4055 1379 4108 A.
