<?xml version="1.0" encoding="UTF-8"?>
<!DOCTYPE html PUBLIC "-//W3C//DTD XHTML 1.0 Transitional//EN"
    "http://www.w3.org/TR/xhtml1/DTD/xhtml1-transitional.dtd">
<html xmlns="http://www.w3.org/1999/xhtml" xml:lang="en" lang="en">
 <head>
  <title>
</title>
<meta http-equiv="Content-Type" content="text/html;charset=utf-8" />
  <meta name='ocr-system' content='tesseract 3.04.00' />
  <meta name='ocr-capabilities' content='ocr_page ocr_carea ocr_par ocr_line ocrx_word'/>
</head>
<body>
  <div class='ocr_page' id='page_1' title='image "./initiaphilosoph06heusgoog/initiaphilosoph06heusgoog_0207.png"; bbox 0 0 2900 4817; ppageno 0'>
   <div class='ocr_carea' id='block_1_1' title="bbox 282 676 2176 1351">
    <p class='ocr_par' dir='ltr' id='par_1_1' title="bbox 282 676 2176 1351">
     <span class='ocr_line' id='line_1_1' title="bbox 301 676 2176 763; baseline 0.004 -21"><span class='ocrx_word' id='word_1_1' title='bbox 301 676 404 744; x_wconf 81' lang='lat' dir='ltr'>illa</span> <span class='ocrx_word' id='word_1_2' title='bbox 425 723 451 759; x_wconf 85' lang='lat'>‚</span> <span class='ocrx_word' id='word_1_3' title='bbox 494 696 678 760; x_wconf 82' lang='lat' dir='ltr'>quam</span> <span class='ocrx_word' id='word_1_4' title='bbox 722 677 1107 745; x_wconf 73' lang='lat' dir='ltr'><strong>laudavimus</strong></span> <span class='ocrx_word' id='word_1_5' title='bbox 1132 723 1155 760; x_wconf 87' lang='lat'><strong>‚</strong></span> <span class='ocrx_word' id='word_1_6' title='bbox 1196 676 1519 747; x_wconf 79' lang='lat' dir='ltr'>dialectica</span> <span class='ocrx_word' id='word_1_7' title='bbox 1544 728 1567 762; x_wconf 93' lang='lat'>,</span> <span class='ocrx_word' id='word_1_8' title='bbox 1614 678 1725 748; x_wconf 79' lang='lat' dir='ltr'>has</span> <span class='ocrx_word' id='word_1_9' title='bbox 1785 678 1984 751; x_wconf 81' lang='lat' dir='ltr'>simus</span> <span class='ocrx_word' id='word_1_10' title='bbox 2034 686 2176 763; x_wconf 81' lang='lat' dir='ltr'>lon-</span> 
     </span>
     <span class='ocr_line' id='line_1_2' title="bbox 292 774 2165 885; baseline 0.005 -27"><span class='ocrx_word' id='word_1_11' title='bbox 292 811 375 878; x_wconf 69' lang='lat' dir='ltr'>ge</span> <span class='ocrx_word' id='word_1_12' title='bbox 426 791 673 861; x_wconf 81' lang='lat' dir='ltr'>facilius</span> <span class='ocrx_word' id='word_1_13' title='bbox 732 795 1137 878; x_wconf 80' lang='lat' dir='ltr'><strong>exploraturi.</strong></span> <span class='ocrx_word' id='word_1_14' title='bbox 1248 774 1435 863; x_wconf 80' lang='lat' dir='ltr'>Haud</span> <span class='ocrx_word' id='word_1_15' title='bbox 1496 795 1675 864; x_wconf 86' lang='lat' dir='ltr'>facile</span> <span class='ocrx_word' id='word_1_16' title='bbox 1727 800 1934 880; x_wconf 67' lang='lat' dir='ltr'>enim,</span> <span class='ocrx_word' id='word_1_17' title='bbox 1998 821 2165 885; x_wconf 88' lang='lat' dir='ltr'>quo-</span> 
     </span>
     <span class='ocr_line' id='line_1_3' title="bbox 293 906 2164 999; baseline 0.004 -22"><span class='ocrx_word' id='word_1_18' title='bbox 293 909 481 977; x_wconf 82' lang='lat' dir='ltr'>modo</span> <span class='ocrx_word' id='word_1_19' title='bbox 540 912 673 977; x_wconf 77' lang='lat' dir='ltr'>hae2</span> <span class='ocrx_word' id='word_1_20' title='bbox 694 915 903 980; x_wconf 82' lang='lat' dir='ltr'>valere</span> <span class='ocrx_word' id='word_1_21' title='bbox 936 908 1015 979; x_wconf 84' lang='lat' dir='ltr'>ad</span> <span class='ocrx_word' id='word_1_22' title='bbox 1043 930 1262 980; x_wconf 86' lang='lat' dir='ltr'>verum</span> <span class='ocrx_word' id='word_1_23' title='bbox 1299 908 1810 999; x_wconf 83' lang='lat' dir='ltr'>cognoscendum</span> <span class='ocrx_word' id='word_1_24' title='bbox 1853 906 2164 997; x_wconf 81' lang='lat' dir='ltr'>debcant.</span> 
     </span>
     <span class='ocr_line' id='line_1_4' title="bbox 286 1028 2158 1119; baseline 0.004 -25"><span class='ocrx_word' id='word_1_25' title='bbox 286 1042 798 1110; x_wconf 69' lang='lat' dir='ltr'>assequeremur,</span> <span class='ocrx_word' id='word_1_26' title='bbox 861 1028 986 1095; x_wconf 80' lang='lat' dir='ltr'>nisi</span> <span class='ocrx_word' id='word_1_27' title='bbox 1039 1029 1122 1097; x_wconf 88' lang='lat' dir='ltr'>de</span> <span class='ocrx_word' id='word_1_28' title='bbox 1171 1029 1423 1113; x_wconf 77' lang='lat' dir='ltr'>propria</span> <span class='ocrx_word' id='word_1_29' title='bbox 1480 1031 1668 1099; x_wconf 88' lang='lat' dir='ltr'>nobis</span> <span class='ocrx_word' id='word_1_30' title='bbox 1728 1032 2158 1119; x_wconf 81' lang='lat' dir='ltr'>cognoscendi</span> 
     </span>
     <span class='ocr_line' id='line_1_5' title="bbox 286 1143 2164 1235; baseline 0.004 -24"><span class='ocrx_word' id='word_1_31' title='bbox 286 1143 585 1213; x_wconf 80' lang='lat' dir='ltr'>facultate</span> <span class='ocrx_word' id='word_1_32' title='bbox 636 1160 994 1214; x_wconf 78' lang='lat' dir='ltr'>constaret:</span> <span class='ocrx_word' id='word_1_33' title='bbox 1040 1162 1161 1213; x_wconf 91' lang='lat' dir='ltr'>nos</span> <span class='ocrx_word' id='word_1_34' title='bbox 1216 1160 1423 1212; x_wconf 84' lang='lat' dir='ltr'>autem</span> <span class='ocrx_word' id='word_1_35' title='bbox 1466 1160 1532 1214; x_wconf 90' lang='lat' dir='ltr'>et</span> <span class='ocrx_word' id='word_1_36' title='bbox 1585 1164 1832 1215; x_wconf 80' lang='lat' dir='ltr'>nosmet</span> <span class='ocrx_word' id='word_1_37' title='bbox 1876 1151 2050 1235; x_wconf 78' lang='lat' dir='ltr'>ipsos</span> <span class='ocrx_word' id='word_1_38' title='bbox 2092 1162 2164 1219; x_wconf 83' lang='lat' dir='ltr'>et</span> 
     </span>
     <span class='ocr_line' id='line_1_6' title="bbox 282 1255 2158 1351; baseline 0.004 -23"><span class='ocrx_word' id='word_1_39' title='bbox 282 1261 415 1328; x_wconf 81' lang='lat' dir='ltr'>veri</span> <span class='ocrx_word' id='word_1_40' title='bbox 475 1280 752 1331; x_wconf 88' lang='lat' dir='ltr'>amorem</span> <span class='ocrx_word' id='word_1_41' title='bbox 772 1311 798 1345; x_wconf 91' lang='lat'>‚</span> <span class='ocrx_word' id='word_1_42' title='bbox 860 1282 993 1347; x_wconf 86' lang='lat' dir='ltr'>quo</span> <span class='ocrx_word' id='word_1_43' title='bbox 1048 1266 1269 1329; x_wconf 77' lang='lat' dir='ltr'>natura</span> <span class='ocrx_word' id='word_1_44' title='bbox 1322 1263 1612 1331; x_wconf 83' lang='lat' dir='ltr'>ducimur</span> <span class='ocrx_word' id='word_1_45' title='bbox 1635 1311 1659 1346; x_wconf 90' lang='lat'>‚</span> <span class='ocrx_word' id='word_1_46' title='bbox 1715 1255 2158 1351; x_wconf 72' lang='lat' dir='ltr'>explorantes,</span> 
     </span>
    </p>
   </div>
   <div class='ocr_carea' id='block_1_2' title="bbox 281 1378 2278 1465">
    <p class='ocr_par' dir='ltr' id='par_1_2' title="bbox 281 1378 2278 1465">
     <span class='ocr_line' id='line_1_7' title="bbox 281 1378 2278 1465; baseline 0.003 -20"><span class='ocrx_word' id='word_1_47' title='bbox 281 1396 541 1446; x_wconf 71' lang='lat' dir='ltr'>suasum</span> <span class='ocrx_word' id='word_1_48' title='bbox 618 1378 934 1448; x_wconf 70' lang='lat' dir='ltr'>internum</span> <span class='ocrx_word' id='word_1_49' title='bbox 960 1428 985 1461; x_wconf 91' lang='lat'>‚</span> <span class='ocrx_word' id='word_1_50' title='bbox 1069 1380 1256 1447; x_wconf 85' lang='lat' dir='ltr'>animi</span> <span class='ocrx_word' id='word_1_51' title='bbox 1321 1384 1574 1447; x_wconf 87' lang='lat' dir='ltr'>oculum</span> <span class='ocrx_word' id='word_1_52' title='bbox 1603 1427 1627 1462; x_wconf 92' lang='lat'>‚</span> <span class='ocrx_word' id='word_1_53' title='bbox 1713 1401 1902 1465; x_wconf 88' lang='lat' dir='ltr'>quem</span> <span class='ocrx_word' id='word_1_54' title='bbox 1976 1387 2158 1453; x_wconf 73' lang='lat' dir='ltr'>Plato</span> <span class='ocrx_word' id='word_1_55' title='bbox 2273 1382 2278 1387; x_wconf 85' lang='grc'><strong>’</strong></span> 
     </span>
    </p>
   </div>
   <div class='ocr_carea' id='block_1_3' title="bbox 282 1494 2159 1586">
    <p class='ocr_par' dir='ltr' id='par_1_3' title="bbox 282 1494 2159 1586">
     <span class='ocr_line' id='line_1_8' title="bbox 282 1494 2159 1586; baseline 0.003 -25"><span class='ocrx_word' id='word_1_56' title='bbox 282 1496 543 1564; x_wconf 81' lang='lat' dir='ltr'>vocavit</span> <span class='ocrx_word' id='word_1_57' title='bbox 561 1542 587 1577; x_wconf 91' lang='lat'><strong>,</strong></span> <span class='ocrx_word' id='word_1_58' title='bbox 631 1494 835 1581; x_wconf 80' lang='lat' dir='ltr'>qualis</span> <span class='ocrx_word' id='word_1_59' title='bbox 871 1498 952 1563; x_wconf 82' lang='lat' dir='ltr'>sit</span> <span class='ocrx_word' id='word_1_60' title='bbox 969 1543 995 1579; x_wconf 85' lang='lat'>‚</span> <span class='ocrx_word' id='word_1_61' title='bbox 1040 1496 1195 1580; x_wconf 88' lang='lat' dir='ltr'>quid</span> <span class='ocrx_word' id='word_1_62' title='bbox 1241 1497 1482 1564; x_wconf 85' lang='lat' dir='ltr'>efficere</span> <span class='ocrx_word' id='word_1_63' title='bbox 1515 1498 1592 1563; x_wconf 89' lang='lat' dir='ltr'>ad</span> <span class='ocrx_word' id='word_1_64' title='bbox 1625 1514 1843 1565; x_wconf 87' lang='lat' dir='ltr'>verum</span> <span class='ocrx_word' id='word_1_65' title='bbox 1886 1518 2159 1586; x_wconf 78' lang='lat' dir='ltr'>cognos-</span> 
     </span>
    </p>
   </div>
   <div class='ocr_carea' id='block_1_4' title="bbox 154 1609 2158 1712">
    <p class='ocr_par' dir='ltr' id='par_1_4' title="bbox 154 1609 2158 1712">
     <span class='ocr_line' id='line_1_9' title="bbox 154 1609 2158 1712; baseline 0.001 -31"><span class='ocrx_word' id='word_1_66' title='bbox 154 1688 159 1695; x_wconf 56' lang='grc'><strong>,</strong></span> <span class='ocrx_word' id='word_1_67' title='bbox 280 1614 551 1681; x_wconf 82' lang='lat' dir='ltr'>cendum</span> <span class='ocrx_word' id='word_1_68' title='bbox 604 1609 875 1694; x_wconf 64' lang='lat' dir='ltr'>debeat,</span> <span class='ocrx_word' id='word_1_69' title='bbox 961 1613 1420 1696; x_wconf 84' lang='lat' dir='ltr'>quodammodo</span> <span class='ocrx_word' id='word_1_70' title='bbox 1477 1615 1601 1700; x_wconf 85' lang='lat' dir='ltr'>jam</span> <span class='ocrx_word' id='word_1_71' title='bbox 1662 1610 2158 1712; x_wconf 63' lang='lat' dir='ltr'>exploravimus{</span> 
     </span>
    </p>
   </div>
   <div class='ocr_carea' id='block_1_5' title="bbox 184 1728 2264 4040">
    <p class='ocr_par' dir='ltr' id='par_1_5' title="bbox 184 1728 2264 4040">
     <span class='ocr_line' id='line_1_10' title="bbox 284 1728 2159 1814; baseline 0.003 -18"><span class='ocrx_word' id='word_1_72' title='bbox 284 1730 456 1799; x_wconf 90' lang='lat' dir='ltr'>Tum</span> <span class='ocrx_word' id='word_1_73' title='bbox 514 1749 671 1799; x_wconf 85' lang='lat' dir='ltr'>vero</span> <span class='ocrx_word' id='word_1_74' title='bbox 724 1728 958 1797; x_wconf 87' lang='lat' dir='ltr'>frustra</span> <span class='ocrx_word' id='word_1_75' title='bbox 1034 1731 1328 1814; x_wconf 85' lang='lat' dir='ltr'><strong>deinceps</strong></span> <span class='ocrx_word' id='word_1_76' title='bbox 1383 1732 1463 1799; x_wconf 92' lang='lat' dir='ltr'>de</span> <span class='ocrx_word' id='word_1_77' title='bbox 1516 1731 1760 1799; x_wconf 73' lang='lat' dir='ltr'>dIcendi</span> <span class='ocrx_word' id='word_1_78' title='bbox 1816 1733 2159 1803; x_wconf 77' lang='lat' dir='ltr'>scribendi·</span> 
     </span>
     <span class='ocr_line' id='line_1_11' title="bbox 282 1845 2160 1936; baseline 0.001 -19"><span class='ocrx_word' id='word_1_79' title='bbox 282 1867 409 1932; x_wconf 82' lang='lat' dir='ltr'>que</span> <span class='ocrx_word' id='word_1_80' title='bbox 456 1862 635 1932; x_wconf 81' lang='lat' dir='ltr'>arte,</span> <span class='ocrx_word' id='word_1_81' title='bbox 720 1862 882 1931; x_wconf 76' lang='lat' dir='ltr'>quae</span> <span class='ocrx_word' id='word_1_82' title='bbox 942 1845 1080 1914; x_wconf 82' lang='lat' dir='ltr'>sine</span> <span class='ocrx_word' id='word_1_83' title='bbox 1138 1846 1456 1914; x_wconf 84' lang='lat' dir='ltr'>dialectica</span> <span class='ocrx_word' id='word_1_84' title='bbox 1509 1849 1680 1914; x_wconf 84' lang='lat' dir='ltr'>nulla</span> <span class='ocrx_word' id='word_1_85' title='bbox 1739 1865 1885 1931; x_wconf 65' lang='lat' dir='ltr'>eet,</span> <span class='ocrx_word' id='word_1_86' title='bbox 1965 1868 2160 1936; x_wconf 76' lang='lat' dir='ltr'>agere</span> 
     </span>
     <span class='ocr_line' id='line_1_12' title="bbox 276 1964 2157 2052; baseline 0.001 -19"><span class='ocrx_word' id='word_1_87' title='bbox 276 1966 756 2034; x_wconf 78' lang='lat' dir='ltr'>institueremus</span> <span class='ocrx_word' id='word_1_88' title='bbox 779 2012 807 2047; x_wconf 90' lang='lat'>‚</span> <span class='ocrx_word' id='word_1_89' title='bbox 879 1964 1003 2033; x_wconf 88' lang='lat' dir='ltr'>nisi</span> <span class='ocrx_word' id='word_1_90' title='bbox 1057 1984 1187 2048; x_wconf 89' lang='lat' dir='ltr'>quo</span> <span class='ocrx_word' id='word_1_91' title='bbox 1247 1966 1462 2032; x_wconf 89' lang='lat' dir='ltr'>studio</span> <span class='ocrx_word' id='word_1_92' title='bbox 1485 2013 1511 2049; x_wconf 86' lang='lat'><strong>‚</strong></span> <span class='ocrx_word' id='word_1_93' title='bbox 1577 1984 1708 2049; x_wconf 91' lang='lat' dir='ltr'>quo</span> <span class='ocrx_word' id='word_1_94' title='bbox 1772 1968 2106 2052; x_wconf 79' lang='lat' dir='ltr'>proposito</span> <span class='ocrx_word' id='word_1_95' title='bbox 2131 2015 2157 2049; x_wconf 84' lang='lat'>‚</span> 
     </span>
     <span class='ocr_line' id='line_1_13' title="bbox 281 2081 2150 2177; baseline 0 -27"><span class='ocrx_word' id='word_1_96' title='bbox 281 2100 471 2167; x_wconf 91' lang='lat' dir='ltr'>quem</span> <span class='ocrx_word' id='word_1_97' title='bbox 528 2082 595 2150; x_wconf 90' lang='lat' dir='ltr'>in</span> <span class='ocrx_word' id='word_1_98' title='bbox 645 2082 834 2149; x_wconf 90' lang='lat' dir='ltr'>finem</span> <span class='ocrx_word' id='word_1_99' title='bbox 897 2083 1016 2149; x_wconf 90' lang='lat' dir='ltr'>hae</span> <span class='ocrx_word' id='word_1_100' title='bbox 1072 2081 1259 2148; x_wconf 80' lang='lat' dir='ltr'>nobis</span> <span class='ocrx_word' id='word_1_101' title='bbox 1321 2096 1487 2177; x_wconf 66' lang='lat' dir='ltr'>artes</span> <span class='ocrx_word' id='word_1_102' title='bbox 1542 2085 1920 2152; x_wconf 77' lang='lat' dir='ltr'><strong>excolendae</strong></span> <span class='ocrx_word' id='word_1_103' title='bbox 1972 2087 2100 2153; x_wconf 87' lang='lat' dir='ltr'>sint</span> <span class='ocrx_word' id='word_1_104' title='bbox 2125 2130 2150 2167; x_wconf 84' lang='lat'>‚</span> 
     </span>
     <span class='ocr_line' id='line_1_14' title="bbox 279 2198 2156 2285; baseline -0.007 -16"><span class='ocrx_word' id='word_1_105' title='bbox 279 2199 860 2285; x_wconf 79' lang='lat' dir='ltr'>investigassemus,</span> <span class='ocrx_word' id='word_1_106' title='bbox 959 2198 1187 2285; x_wconf 69' lang='lat' dir='ltr'>Quid?</span> <span class='ocrx_word' id='word_1_107' title='bbox 1254 2201 1430 2282; x_wconf 87' lang='lat' dir='ltr'>quod</span> <span class='ocrx_word' id='word_1_108' title='bbox 1478 2208 1828 2285; x_wconf 68' lang='grc' dir='ltr'><strong><em>μαιωτικὴν</em></strong></span> <span class='ocrx_word' id='word_1_109' title='bbox 1883 2201 2156 2271; x_wconf 81' lang='lat' dir='ltr'>Socrati.</span> 
     </span>
     <span class='ocr_line' id='line_1_15' title="bbox 268 2315 2158 2398; baseline 0.001 -13"><span class='ocrx_word' id='word_1_110' title='bbox 268 2335 415 2385; x_wconf 74' lang='lat' dir='ltr'>cam</span> <span class='ocrx_word' id='word_1_111' title='bbox 440 2364 465 2397; x_wconf 91' lang='lat'>‚</span> <span class='ocrx_word' id='word_1_112' title='bbox 545 2335 707 2398; x_wconf 85' lang='lat' dir='ltr'>quae</span> <span class='ocrx_word' id='word_1_113' title='bbox 768 2315 907 2382; x_wconf 88' lang='lat' dir='ltr'>sine</span> <span class='ocrx_word' id='word_1_114' title='bbox 958 2315 1273 2382; x_wconf 85' lang='lat' dir='ltr'>dialectica</span> <span class='ocrx_word' id='word_1_115' title='bbox 1335 2317 1615 2383; x_wconf 84' lang='lat' dir='ltr'>adhiberi</span> <span class='ocrx_word' id='word_1_116' title='bbox 1679 2319 1998 2385; x_wconf 89' lang='lat' dir='ltr'>hominum</span> <span class='ocrx_word' id='word_1_117' title='bbox 2062 2321 2158 2387; x_wconf 85' lang='lat' dir='ltr'>in·</span> 
     </span>
     <span class='ocr_line' id='line_1_16' title="bbox 279 2410 2153 2520; baseline 0.003 -21"><span class='ocrx_word' id='word_1_118' title='bbox 279 2410 484 2520; x_wconf 80' lang='lat' dir='ltr'>geniis</span> <span class='ocrx_word' id='word_1_119' title='bbox 539 2431 888 2515; x_wconf 85' lang='lat' dir='ltr'>animisque</span> <span class='ocrx_word' id='word_1_120' title='bbox 929 2450 1060 2500; x_wconf 89' lang='lat' dir='ltr'>non</span> <span class='ocrx_word' id='word_1_121' title='bbox 1098 2449 1364 2518; x_wconf 89' lang='lat' dir='ltr'>potest,</span> <span class='ocrx_word' id='word_1_122' title='bbox 1407 2414 1738 2519; x_wconf 84' lang='lat' dir='ltr'>ipsiusque</span> <span class='ocrx_word' id='word_1_123' title='bbox 1789 2449 1887 2503; x_wconf 89' lang='lat' dir='ltr'>est</span> <span class='ocrx_word' id='word_1_124' title='bbox 1929 2435 2153 2503; x_wconf 85' lang='lat' dir='ltr'>dialec-</span> 
     </span>
     <span class='ocr_line' id='line_1_17' title="bbox 274 2548 2146 2638; baseline 0 -17"><span class='ocrx_word' id='word_1_125' title='bbox 274 2554 433 2621; x_wconf 88' lang='lat' dir='ltr'>ticae</span> <span class='ocrx_word' id='word_1_126' title='bbox 473 2571 619 2638; x_wconf 83' lang='lat' dir='ltr'>pars</span> <span class='ocrx_word' id='word_1_127' title='bbox 673 2548 968 2635; x_wconf 83' lang='lat' dir='ltr'>quaedam</span> <span class='ocrx_word' id='word_1_128' title='bbox 996 2598 1021 2635; x_wconf 87' lang='lat'>‚</span> <span class='ocrx_word' id='word_1_129' title='bbox 1078 2554 1200 2637; x_wconf 80' lang='lat' dir='ltr'>J&#39;am</span> <span class='ocrx_word' id='word_1_130' title='bbox 1262 2553 1405 2618; x_wconf 73' lang='lat' dir='ltr'>data</span> <span class='ocrx_word' id='word_1_131' title='bbox 1464 2556 1657 2636; x_wconf 73' lang='lat' dir='ltr'>opera</span> <span class='ocrx_word' id='word_1_132' title='bbox 1714 2553 2020 2638; x_wconf 82' lang='lat' dir='ltr'>explicare</span> <span class='ocrx_word' id='word_1_133' title='bbox 2082 2568 2146 2621; x_wconf 87' lang='lat' dir='ltr'>et</span> 
     </span>
     <span class='ocr_line' id='line_1_18' title="bbox 277 2669 2146 2751; baseline -0.001 -13"><span class='ocrx_word' id='word_1_134' title='bbox 277 2672 427 2738; x_wconf 87' lang='lat' dir='ltr'>hinc</span> <span class='ocrx_word' id='word_1_135' title='bbox 484 2671 713 2735; x_wconf 90' lang='lat' dir='ltr'>ducere</span> <span class='ocrx_word' id='word_1_136' title='bbox 756 2686 963 2735; x_wconf 87' lang='lat' dir='ltr'>veram</span> <span class='ocrx_word' id='word_1_137' title='bbox 1020 2669 1438 2750; x_wconf 85' lang='lat' dir='ltr'>eloquentiam</span> <span class='ocrx_word' id='word_1_138' title='bbox 1486 2682 1863 2751; x_wconf 87' lang='lat' dir='ltr'>omnemque</span> <span class='ocrx_word' id='word_1_139' title='bbox 1915 2670 2146 2737; x_wconf 87' lang='lat' dir='ltr'>docen-</span> 
     </span>
     <span class='ocr_line' id='line_1_19' title="bbox 274 2784 2146 2869; baseline -0.001 -15"><span class='ocrx_word' id='word_1_140' title='bbox 274 2788 343 2854; x_wconf 91' lang='lat' dir='ltr'>di</span> <span class='ocrx_word' id='word_1_141' title='bbox 408 2786 713 2852; x_wconf 89' lang='lat' dir='ltr'>rationem</span> <span class='ocrx_word' id='word_1_142' title='bbox 767 2802 931 2867; x_wconf 85' lang='lat' dir='ltr'>quae</span> <span class='ocrx_word' id='word_1_143' title='bbox 969 2787 1138 2869; x_wconf 88' lang='lat' dir='ltr'>justa</span> <span class='ocrx_word' id='word_1_144' title='bbox 1190 2784 1317 2864; x_wconf 88' lang='lat' dir='ltr'>sit,</span> <span class='ocrx_word' id='word_1_145' title='bbox 1361 2786 1571 2849; x_wconf 84' lang='lat' dir='ltr'>conati</span> <span class='ocrx_word' id='word_1_146' title='bbox 1625 2785 1898 2852; x_wconf 66' lang='lat' dir='ltr'>sumus?</span> <span class='ocrx_word' id='word_1_147' title='bbox 1959 2785 2146 2852; x_wconf 84' lang='lat' dir='ltr'>Haud</span> 
     </span>
     <span class='ocr_line' id='line_1_20' title="bbox 275 2899 2150 2987; baseline 0 -18"><span class='ocrx_word' id='word_1_148' title='bbox 275 2903 366 2970; x_wconf 84' lang='lat' dir='ltr'>ita</span> <span class='ocrx_word' id='word_1_149' title='bbox 424 2900 675 2968; x_wconf 87' lang='lat' dir='ltr'>difficile</span> <span class='ocrx_word' id='word_1_150' title='bbox 719 2900 911 2987; x_wconf 86' lang='lat' dir='ltr'>igitur</span> <span class='ocrx_word' id='word_1_151' title='bbox 963 2899 1149 2967; x_wconf 88' lang='lat' dir='ltr'>nobis</span> <span class='ocrx_word' id='word_1_152' title='bbox 1204 2901 1321 2966; x_wconf 87' lang='lat' dir='ltr'>iter</span> <span class='ocrx_word' id='word_1_153' title='bbox 1361 2901 1479 2968; x_wconf 90' lang='lat' dir='ltr'>erit</span> <span class='ocrx_word' id='word_1_154' title='bbox 1501 2946 1528 2982; x_wconf 90' lang='lat'>‚</span> <span class='ocrx_word' id='word_1_155' title='bbox 1571 2902 1746 2982; x_wconf 90' lang='lat' dir='ltr'>quod</span> <span class='ocrx_word' id='word_1_156' title='bbox 1776 2920 1945 2968; x_wconf 91' lang='lat' dir='ltr'>nunc</span> <span class='ocrx_word' id='word_1_157' title='bbox 1976 2904 2150 2969; x_wconf 90' lang='lat' dir='ltr'>dein-</span> 
     </span>
     <span class='ocr_line' id='line_1_21' title="bbox 236 3017 2264 3109; baseline -0 -22"><span class='ocrx_word' id='word_1_158' title='bbox 236 3040 432 3109; x_wconf 81' lang='lat' dir='ltr'>.ceps</span> <span class='ocrx_word' id='word_1_159' title='bbox 500 3019 901 3087; x_wconf 87' lang='lat' dir='ltr'>instituemus</span> <span class='ocrx_word' id='word_1_160' title='bbox 925 3066 950 3099; x_wconf 91' lang='lat'>‚</span> <span class='ocrx_word' id='word_1_161' title='bbox 1030 3037 1145 3085; x_wconf 89' lang='lat' dir='ltr'>nec</span> <span class='ocrx_word' id='word_1_162' title='bbox 1204 3036 1356 3085; x_wconf 88' lang='lat' dir='ltr'>vero</span> <span class='ocrx_word' id='word_1_163' title='bbox 1413 3032 1547 3083; x_wconf 91' lang='lat' dir='ltr'>tum</span> <span class='ocrx_word' id='word_1_164' title='bbox 1608 3017 1791 3085; x_wconf 85' lang='lat' dir='ltr'>etiam</span> <span class='ocrx_word' id='word_1_165' title='bbox 1814 3065 1840 3099; x_wconf 89' lang='lat'><strong><em>‚</em></strong></span> <span class='ocrx_word' id='word_1_166' title='bbox 1903 3018 2013 3085; x_wconf 90' lang='lat' dir='ltr'>ubi</span> <span class='ocrx_word' id='word_1_167' title='bbox 2072 3022 2151 3087; x_wconf 85' lang='lat' dir='ltr'>ad</span> <span class='ocrx_word' id='word_1_168' title='bbox 2245 3054 2264 3077; x_wconf 68' lang='grc' dir='ltr'><strong><em>ο</em></strong></span> 
     </span>
     <span class='ocr_line' id='line_1_22' title="bbox 275 3135 2152 3224; baseline -0.001 -20"><span class='ocrx_word' id='word_1_169' title='bbox 275 3140 488 3224; x_wconf 81' lang='lat' dir='ltr'>ipsum</span> <span class='ocrx_word' id='word_1_170' title='bbox 531 3139 656 3223; x_wconf 80' lang='lat' dir='ltr'>jam</span> <span class='ocrx_word' id='word_1_171' title='bbox 708 3137 893 3204; x_wconf 88' lang='lat' dir='ltr'>finem</span> <span class='ocrx_word' id='word_1_172' title='bbox 940 3155 1161 3203; x_wconf 87' lang='lat' dir='ltr'>sumus</span> <span class='ocrx_word' id='word_1_173' title='bbox 1208 3135 1576 3220; x_wconf 86' lang='lat' dir='ltr'>perventuri</span> <span class='ocrx_word' id='word_1_174' title='bbox 1601 3181 1626 3217; x_wconf 86' lang='lat'>‚</span> <span class='ocrx_word' id='word_1_175' title='bbox 1674 3150 1796 3203; x_wconf 87' lang='lat' dir='ltr'>tam</span> <span class='ocrx_word' id='word_1_176' title='bbox 1836 3136 1955 3203; x_wconf 87' lang='lat' dir='ltr'>erit</span> <span class='ocrx_word' id='word_1_177' title='bbox 1996 3137 2152 3204; x_wconf 86' lang='lat' dir='ltr'>illud</span> 
     </span>
     <span class='ocr_line' id='line_1_23' title="bbox 184 3254 2146 3340; baseline -0.001 -18"><span class='ocrx_word' id='word_1_178' title='bbox 184 3306 193 3311; x_wconf 83' lang='lat'>-</span> <span class='ocrx_word' id='word_1_179' title='bbox 276 3274 569 3340; x_wconf 84' lang='lat' dir='ltr'>asperum</span> <span class='ocrx_word' id='word_1_180' title='bbox 628 3269 738 3320; x_wconf 84' lang='lat' dir='ltr'>aut</span> <span class='ocrx_word' id='word_1_181' title='bbox 789 3254 1046 3320; x_wconf 90' lang='lat' dir='ltr'>arduum</span> <span class='ocrx_word' id='word_1_182' title='bbox 1075 3300 1098 3335; x_wconf 88' lang='lat'>,</span> <span class='ocrx_word' id='word_1_183' title='bbox 1144 3273 1328 3337; x_wconf 90' lang='lat' dir='ltr'>quam</span> <span class='ocrx_word' id='word_1_184' title='bbox 1387 3254 1583 3338; x_wconf 84' lang='lat' dir='ltr'>vulgo</span> <span class='ocrx_word' id='word_1_185' title='bbox 1622 3266 1903 3338; x_wconf 86' lang='lat' dir='ltr'>putatur.</span> <span class='ocrx_word' id='word_1_186' title='bbox 1981 3254 2146 3321; x_wconf 86' lang='lat' dir='ltr'>Nam</span> 
     </span>
     <span class='ocr_line' id='line_1_24' title="bbox 273 3367 2148 3455; baseline -0.002 -15"><span class='ocrx_word' id='word_1_187' title='bbox 273 3370 624 3455; x_wconf 81' lang='lat' dir='ltr'>aequabilis</span> <span class='ocrx_word' id='word_1_188' title='bbox 678 3383 777 3435; x_wconf 89' lang='lat' dir='ltr'>est</span> <span class='ocrx_word' id='word_1_189' title='bbox 800 3417 823 3451; x_wconf 91' lang='lat'><strong>‚</strong></span> <span class='ocrx_word' id='word_1_190' title='bbox 883 3382 957 3435; x_wconf 93' lang='lat' dir='ltr'>ut</span> <span class='ocrx_word' id='word_1_191' title='bbox 1007 3368 1085 3434; x_wconf 90' lang='lat' dir='ltr'>ab</span> <span class='ocrx_word' id='word_1_192' title='bbox 1140 3368 1321 3433; x_wconf 88' lang='lat' dir='ltr'>initio</span> <span class='ocrx_word' id='word_1_193' title='bbox 1379 3368 1653 3434; x_wconf 82' lang='lat' dir='ltr'>diximus</span> <span class='ocrx_word' id='word_1_194' title='bbox 1706 3382 1773 3434; x_wconf 88' lang='lat' dir='ltr'>et</span> <span class='ocrx_word' id='word_1_195' title='bbox 1819 3367 1971 3434; x_wconf 85' lang='lat' dir='ltr'>satis</span> <span class='ocrx_word' id='word_1_196' title='bbox 2022 3369 2148 3453; x_wconf 84' lang='lat' dir='ltr'>iam</span> 
     </span>
     <span class='ocr_line' id='line_1_25' title="bbox 272 3483 2144 3575; baseline -0.004 -16"><span class='ocrx_word' id='word_1_197' title='bbox 272 3489 461 3559; x_wconf 88' lang='lat' dir='ltr'>nobis</span> <span class='ocrx_word' id='word_1_198' title='bbox 518 3499 691 3575; x_wconf 78' lang='lat' dir='ltr'>patet</span> <span class='ocrx_word' id='word_1_199' title='bbox 716 3529 742 3566; x_wconf 87' lang='lat'>‚</span> <span class='ocrx_word' id='word_1_200' title='bbox 827 3483 1270 3567; x_wconf 69' lang='lat' dir='ltr'>philosophiae</span> <span class='ocrx_word' id='word_1_201' title='bbox 1332 3483 1687 3550; x_wconf 86' lang='lat' dir='ltr'>Platonicae</span> <span class='ocrx_word' id='word_1_202' title='bbox 1756 3484 2144 3569; x_wconf 80' lang='lat' dir='ltr'>progressio.</span> 
     </span>
     <span class='ocr_line' id='line_1_26' title="bbox 276 3601 2148 3688; baseline -0.002 -14"><span class='ocrx_word' id='word_1_203' title='bbox 276 3610 433 3677; x_wconf 83' lang='lat' dir='ltr'>Non</span> <span class='ocrx_word' id='word_1_204' title='bbox 497 3604 819 3688; x_wconf 83' lang='lat' dir='ltr'>extemplo</span> <span class='ocrx_word' id='word_1_205' title='bbox 871 3619 996 3668; x_wconf 86' lang='lat' dir='ltr'>nos</span> <span class='ocrx_word' id='word_1_206' title='bbox 1059 3602 1276 3683; x_wconf 85' lang='lat' dir='ltr'>Plat0‚</span> <span class='ocrx_word' id='word_1_207' title='bbox 1339 3619 1500 3684; x_wconf 88' lang='lat' dir='ltr'>quae</span> <span class='ocrx_word' id='word_1_208' title='bbox 1556 3601 1823 3667; x_wconf 87' lang='lat' dir='ltr'>aliorum</span> <span class='ocrx_word' id='word_1_209' title='bbox 1861 3616 2006 3684; x_wconf 65' lang='lat' dir='ltr'>eet,</span> <span class='ocrx_word' id='word_1_210' title='bbox 2051 3622 2148 3671; x_wconf 81' lang='lat' dir='ltr'>re·</span> 
     </span>
     <span class='ocr_line' id='line_1_27' title="bbox 273 3716 2145 3805; baseline -0.004 -12"><span class='ocrx_word' id='word_1_211' title='bbox 273 3727 624 3795; x_wconf 88' lang='lat' dir='ltr'>centiorum</span> <span class='ocrx_word' id='word_1_212' title='bbox 678 3719 745 3787; x_wconf 91' lang='lat' dir='ltr'>in</span> <span class='ocrx_word' id='word_1_213' title='bbox 807 3716 1030 3805; x_wconf 87' lang='lat' dir='ltr'>primis</span> <span class='ocrx_word' id='word_1_214' title='bbox 1089 3718 1627 3803; x_wconf 83' lang='lat' dir='ltr'>philosophorum</span> <span class='ocrx_word' id='word_1_215' title='bbox 1700 3722 2094 3788; x_wconf 88' lang='lat' dir='ltr'>consuetudo</span> <span class='ocrx_word' id='word_1_216' title='bbox 2121 3765 2145 3803; x_wconf 87' lang='lat'>,</span> 
     </span>
     <span class='ocr_line' id='line_1_28' title="bbox 276 3832 2146 3925; baseline -0.004 -15"><span class='ocrx_word' id='word_1_217' title='bbox 276 3845 342 3912; x_wconf 88' lang='lat' dir='ltr'>in</span> <span class='ocrx_word' id='word_1_218' title='bbox 400 3839 864 3925; x_wconf 83' lang='lat' dir='ltr'>metaphysicae</span> <span class='ocrx_word' id='word_1_219' title='bbox 917 3835 1136 3905; x_wconf 90' lang='lat' dir='ltr'>nescio</span> <span class='ocrx_word' id='word_1_220' title='bbox 1193 3854 1379 3919; x_wconf 86' lang='lat' dir='ltr'>quem</span> <span class='ocrx_word' id='word_1_221' title='bbox 1441 3832 1862 3919; x_wconf 79' lang='lat' dir='ltr'>labyrinthum</span> <span class='ocrx_word' id='word_1_222' title='bbox 1924 3838 2098 3904; x_wconf 90' lang='lat' dir='ltr'>ducit</span> <span class='ocrx_word' id='word_1_223' title='bbox 2120 3884 2146 3918; x_wconf 84' lang='lat'>‚</span> 
     </span>
     <span class='ocr_line' id='line_1_29' title="bbox 273 3951 2146 4040; baseline -0.006 -10"><span class='ocrx_word' id='word_1_224' title='bbox 273 3961 446 4030; x_wconf 83' lang='lat' dir='ltr'>unde</span> <span class='ocrx_word' id='word_1_225' title='bbox 495 3977 620 4040; x_wconf 84' lang='lat' dir='ltr'>qua</span> <span class='ocrx_word' id='word_1_226' title='bbox 669 3973 787 4022; x_wconf 86' lang='lat' dir='ltr'>nos</span> <span class='ocrx_word' id='word_1_227' title='bbox 840 3953 1163 4040; x_wconf 79' lang='lat' dir='ltr'>possimus</span> <span class='ocrx_word' id='word_1_228' title='bbox 1204 3951 1443 4018; x_wconf 85' lang='lat' dir='ltr'>ratione</span> <span class='ocrx_word' id='word_1_229' title='bbox 1491 3953 1784 4036; x_wconf 80' lang='lat' dir='ltr'>expedire</span> <span class='ocrx_word' id='word_1_230' title='bbox 1807 4000 1833 4034; x_wconf 91' lang='lat'>‚</span> <span class='ocrx_word' id='word_1_231' title='bbox 1877 3970 2006 4018; x_wconf 89' lang='lat' dir='ltr'>non</span> <span class='ocrx_word' id='word_1_232' title='bbox 2031 3970 2146 4019; x_wconf 82' lang='lat' dir='ltr'>-re-</span> 
     </span>
    </p>
   </div>
   <div class='ocr_carea' id='block_1_6' title="bbox 276 4068 2154 4251">
    <p class='ocr_par' dir='ltr' id='par_1_6' title="bbox 276 4068 2154 4251">
     <span class='ocr_line' id='line_1_30' title="bbox 276 4068 2152 4171; baseline -0.008 -23"><span class='ocrx_word' id='word_1_233' title='bbox 276 4077 635 4171; x_wconf 69' lang='lat' dir='ltr'>periamuu</span> <span class='ocrx_word' id='word_1_234' title='bbox 690 4091 821 4142; x_wconf 83' lang='lat' dir='ltr'>non</span> <span class='ocrx_word' id='word_1_235' title='bbox 856 4073 966 4142; x_wconf 78' lang='lat' dir='ltr'>ille</span> <span class='ocrx_word' id='word_1_236' title='bbox 1014 4089 1136 4142; x_wconf 74' lang='lat' dir='ltr'>nos</span> <span class='ocrx_word' id='word_1_237' title='bbox 1182 4071 1488 4141; x_wconf 86' lang='lat' dir='ltr'>continuo</span> <span class='ocrx_word' id='word_1_238' title='bbox 1541 4079 1656 4155; x_wconf 74' lang='lat' dir='ltr'>per</span> <span class='ocrx_word' id='word_1_239' title='bbox 1703 4069 1861 4135; x_wconf 79' lang='lat' dir='ltr'>hanc</span> <span class='ocrx_word' id='word_1_240' title='bbox 1909 4068 2152 4141; x_wconf 75' lang='lat' dir='ltr'>scilicet</span> 
     </span>
     <span class='ocr_line' id='line_1_31' title="bbox 2025 4202 2154 4251; baseline 0.023 -3"><span class='ocrx_word' id='word_1_241' title='bbox 2025 4202 2154 4251; x_wconf 81' lang='lat' dir='ltr'>me·</span> 
     </span>
    </p>
   </div>
  </div>
 </body>
</html>
