2900 4817
713 588 955 657 ritatem
1004 587 1419 673 percipiamus
1477 588 1733 673 penitus
1754 634 1780 671 ,
1823 607 2120 673 praesens
2181 591 2328 660 haec
2381 576 2578 661 animi

707 704 916 783 nostri
984 704 1269 787 conditio
1350 706 1473 773 rite
1544 721 1644 774 est
1707 725 1786 774 ex
1843 705 1924 773 iis
1942 752 1969 791 ‚
2027 726 2189 792 quae
2233 711 2361 794 jam
2414 711 2580 779 dicta

711 836 865 911 sunt
880 867 907 903 ,
964 821 1302 893 efficienda.
1390 822 1728 908 Expressit
1782 842 1913 894 eam
1970 824 2152 893 Plato
2209 825 2530 910 aptissime
2550 873 2578 907 ‚

712 956 907 1020 quum
968 938 1279 1023 ejusmodi
1320 954 1465 1007 esse
1509 939 1738 1008 diceret
1757 985 1783 1021 ,
1828 954 1900 1008 ut
1954 942 2402 1009 somniantium
2458 960 2579 1009 nos

705 1053 905 1150 instar
926 1101 952 1136 ,
1017 1055 1231 1124 videre
1289 1055 1479 1123 nobis
1537 1055 1856 1123 videamur
1885 1104 1910 1138 ‚
1977 1076 2137 1140 quae
2197 1077 2328 1124 non
2388 1074 2574 1141 sunt;

716 1191 875 1256 quae
911 1188 1063 1239 vero
1101 1186 1252 1240 sunt
1272 1219 1298 1256 ,
1342 1190 1475 1238 non
1512 1168 1863 1242 videamus.
1905 1171 1969 1217 ‘¹²
2033 1174 2199 1242 Nam
2238 1187 2578 1259 postquam

712 1290 841 1360 hoc
905 1308 1143 1375 corpus
1198 1288 1518 1358 induimus
1543 1336 1568 1372 ,
1611 1307 1742 1357 non
1771 1288 1983 1362 ,licuit
2024 1290 2214 1358 nobis
2250 1296 2339 1362 τὰ
2389 1294 2532 1363 ὄντα
2554 1337 2579 1372 ,

713 1427 789 1475 ea
846 1427 1008 1494 quac
1073 1421 1221 1475 sunt
1245 1453 1271 1488 ,
1354 1406 1401 1475 i.
1453 1425 1519 1477 e.
1551 1398 1556 1403 ’
1585 1406 1755 1475 ideas
1820 1406 1965 1492 ipso
2031 1406 2239 1475 animo
2310 1406 2581 1489 intueri,

712 1520 1002 1607 corporis
1059 1521 1156 1589 uti
1217 1522 1517 1589 sensibus
1557 1522 1757 1590 coacti
1814 1543 2079 1606 sumus,
2143 1524 2381 1608 quibus
2421 1524 2584 1592 idea-
2659 1514 2673 1528 ⁶

718 1659 859 1709 rum
909 1641 976 1710 in
1027 1639 1127 1709 his
1183 1639 1367 1708 terris
1426 1658 1560 1707 non
1615 1640 1742 1708 nisi
1789 1639 2115 1709 simulacra
2171 1642 2466 1725 quaedam
2520 1657 2585 1709 et

715 1757 989 1829 obscura
1036 1757 1141 1825 illa
1189 1772 1258 1824 ct
1311 1754 1553 1825 fallacia
1581 1759 2171 1842 contemplaremur.
2257 1759 2428 1827 Hinc
2464 1758 2583 1842 fit,

715 1889 791 1942 ut
831 1874 1208 1959 opinemur,
1254 1891 1387 1941 non
1438 1874 1749 1942 sciamus:
1796 1875 2115 1944 videamur
2152 1880 2537 1961 cognoscere
2560 1925 2585 1958 ‚

708 2011 846 2061 non
907 2008 1413 2078 cognoscamusz
1478 1990 1856 2058 fluctuemus
1901 1991 2160 2060 omnino
2221 1993 2444 2063 incerti
2494 1994 2590 2060 in·

712 2125 809 2178 ter
881 2109 1221 2181 inscitiam·
1253 2123 1318 2177 et
1391 2107 1739 2175 scientiam.
1868 2109 1993 2175 Est
2069 2109 2232 2176 enim
2287 2112 2590 2199 opinionis

708 2229 863 2299 haec
924 2241 1146 2297 natura
1170 2274 1196 2308 ‚
1256 2241 1330 2293 ut
1388 2244 1519 2295 non
1579 2225 1666 2293 sit
1717 2226 2004 2295 inscitia:
2055 2226 2385 2311 opinantes
2421 2228 2588 2296 enim

710 2346 1006 2419 videntur
1055 2345 1261 2415 scire:
1320 2360 1437 2410 nec
1502 2342 1760 2409 scientia
1816 2341 1902 2409 sit
1951 2344 2172 2411 etiam:
2240 2343 2357 2427 qui
2411 2345 2534 2414 scit
2563 2394 2588 2428 ‚
2695 2364 2702 2371 ·

709 2462 956 2551 opinari
1018 2480 1092 2529 se
1139 2477 1271 2529 non
1318 2458 1504 2527 facile
1560 2458 1837 2542 dixerit3
1881 2460 1994 2527 sed
2037 2461 2121 2527 sit
2173 2458 2338 2529 inter
2404 2462 2593 2548 insci·

708 2582 859 2649 tiam
919 2592 984 2646 et
1034 2576 1351 2645 scientiam
1396 2575 1830 2645 intermedium
1888 2576 2092 2660 quide
2146 2575 2213 2642 id
2274 2592 2479 2646 autem
2522 2594 2591 2649 et

719 2696 1110 2767 somniorum
1167 2708 1234 2763 et
1295 2693 1642 2780 praesentis
1708 2693 1859 2762 item
1912 2693 2080 2761 vitae
2115 2686 2373 2763 n'ostrae
2409 2699 2594 2781 plane

715 2832 817 2886 est
874 2812 1235 2899 proprium.
1368 2811 1595 2895 Crebri
1654 2814 1805 2879 sunt
1871 2809 2198 2878 hominum
2268 2829 2592 2882 sermones

723 2936 804 3003 de
860 2933 1049 3003 rebus
1107 2930 1346 3018 pulcris
1373 2977 1400 3014 ‚
1443 2928 1630 2995 bonis
1653 2975 1679 3009 ‚
1739 2926 1931 3014 justis
1957 2973 1982 3009 ,
2048 2926 2114 2993 in
2173 2927 2407 3010 quibus
2468 2928 2599 2997 dis-

721 3051 957 3121 cedunt
1010 3049 1145 3117 fere
1192 3068 1229 3114 a
1267 3023 1342 3114 se
1378 3045 1647 3115 invicem
1710 3044 1777 3113 in
1836 3043 2113 3112 diversas
2135 3091 2161 3128 ,
2204 3045 2472 3114 subinde
2527 3047 2596 3116 in

720 3167 1066 3237 contrarias
1120 3180 1361 3249 partes.
1450 3161 1648 3248 Quod
1707 3163 1910 3247 placet
1983 3162 2122 3229 aliis
2180 3178 2246 3229 et
2300 3164 2593 3250 pulcrum
2657 3156 2668 3169 “

715 3286 946 3355 dicitur
969 3331 994 3367 ‚
1038 3283 1106 3352 id
1145 3280 1284 3349 aliis
1327 3278 1620 3364 displicet
1663 3294 1736 3345 ut
1777 3291 2007 3364 turpe:
2055 3281 2229 3365 quod
2277 3280 2602 3349 celebrant·

714 3402 1008 3473 nonnum
1048 3414 1121 3469 ut
1172 3397 1410 3465 bonum
1441 3394 1681 3463 civitati
1731 3408 1796 3462 et
1832 3413 2133 3480 perquam
2170 3396 2326 3464 utne
2343 3443 2369 3479 ,
2405 3374 2480 3465 'id
2517 3400 2593 3467 ab

716 3519 854 3587 aliis
923 3536 1000 3586 ut
1072 3518 1303 3585 malum
1378 3514 1773 3598 vituperatur
1849 3525 1913 3580 ct
1993 3512 2252 3580 noxium
2311 3513 2591 3587 civitatis

719 3654 881 3717 quae
934 3651 1190 3699 caussae
1228 3631 1367 3699 aliis
1428 3629 1725 3699 videntur
1770 3629 2092 3716 judicibus
2124 3632 2335 3717 justae
2382 3632 2596 3701 unice-

715 3771 841 3840 que
909 3750 1313 3823 vindicandae
1333 3796 1358 3833 ‚
1418 3749 1496 3816 ab
1566 3748 1703 3817 aliis
1761 3749 2032 3839 injustae
2097 3748 2456 3839 judicantur
2531 3766 2597 3821 et

784 4009 869 4085 (ι)
908 4005 1042 4076 Rop-
1078 4003 1152 4061 V·
1190 4005 1292 4077 476
1324 4004 1392 4063 C.

2437 3885 2710 3980 1²00·=
