2900 4817
1465 452 1819 521 -so-

694 612 895 684 mihi·
930 616 1111 699 plura
1154 616 1570 701 gravioraque
1622 634 1961 687 occurrunt
1984 664 2008 703 ,
2058 639 2218 704 quae
2261 619 2438 707 prius
2492 623 2592 690 vi-

704 733 974 806 deantur
1009 752 1093 800 ex
1132 735 1394 806 Platone
1444 738 1809 828 explicanda
1834 786 1859 818 ,
1924 758 2112 822 quam
2169 740 2318 805 illuc
2361 759 2594 823 perve-

704 852 983 924 niamus.
1052 854 1332 934 Tantum
1373 855 1553 922 abest
1573 904 1597 937 ,
1639 871 1715 924 ut
1745 870 2051 923 statueret
2086 857 2266 922 Plato
2293 904 2318 936 ,
2361 858 2588 940 quod,

706 990 751 1037 a
816 972 1065 1038 Lockio
1128 972 1323 1053 inde,
1410 973 1872 1040 recentioribus
1927 972 2331 1057 philosophis
2394 993 2589 1057 quam
2705 965 2716 976 '

714 1089 1056 1172 plurimum
1124 1090 1364 1175 placuit
1388 1137 1413 1171 ,
1456 1091 1617 1157 nihil
1666 1110 1807 1158 esse
1860 1091 1929 1156 in
1973 1091 2182 1157 animo
2209 1138 2234 1172 ,
2281 1091 2438 1174 quin
2477 1109 2595 1175 per

706 1207 1001 1290 corporis
1056 1224 1283 1274 sensus
1339 1208 1668 1274 intraverit
1692 1256 1718 1289 ‚
1806 1223 1879 1273 ut
1942 1225 2198 1275 sensum
2261 1211 2591 1292 quemdam

712 1325 1071 1396 interiorem
1096 1373 1121 1407 ,
1167 1325 1367 1409 ipsius
1408 1325 1598 1393 animi
1663 1344 1920 1393 sensum
1941 1374 1966 1408 ‚
2012 1326 2080 1392 in
2135 1325 2392 1410 scriptis
2455 1325 2593 1393 suis

712 1445 1154 1512 memoraverit
1221 1444 1585 1510 identidem.
1634 1441 1695 1488 ‘¹²
1822 1444 2019 1532 Quod
2100 1446 2400 1528 placitum
2490 1446 2598 1514 alii

715 1559 839 1632 elia
916 1560 1313 1642 maximeque
1387 1562 1638 1629 diversa
1699 1562 1939 1628 ratione
2005 1562 2381 1647 explicatum
2458 1543 2601 1632 ive.

717 1690 893 1748 runt.
982 1677 1149 1745 Nam
1202 1683 1411 1762 patres
1460 1669 1761 1747 ecclesiae
1802 1681 1888 1748 de
1921 1680 2110 1747 animi
2153 1680 2452 1751 facultate
2492 1703 2600 1749 ac-

714 1808 1023 1885 ceperunt
1047 1841 1070 1875 ‚
1143 1814 1271 1877 qua
1341 1795 1552 1862 divina
1608 1811 1827 1863 natura
1888 1799 2312 1882 percipiatur,
2401 1803 2597 1886 placi·

714 1926 984 1992 tumque
1038 1911 1121 1980 ad
1174 1911 1549 1997 religionem.
1607 1914 2193 1986 accommodarunt:
2246 1917 2317 1962 <¹³
2378 1899 2594 1984 recen·

713 2028 912 2098 tiores
968 2027 1103 2098 fere
1162 2051 1472 2117 organum
1494 2076 1518 2111 ,
1587 2031 1762 2114 quod
1799 2030 2022 2097 dicunt
2041 2078 2066 2113 ,
2112 2033 2352 2100 morale
2404 2032 2592 2100 intel·

715 2150 1055 2230 metunt,
1132 2167 1264 2231 quo
1352 2148 1657 2216 mundum
1739 2150 2035 2215 moralem
2118 2149 2536 2233 perspicimus
2571 2172 2594 2217 e

715 2266 925 2334 neutri
979 2267 1234 2350 quidem
1311 2265 1378 2333 id
1429 2267 1709 2336 dicentes
1726 2314 1752 2350 ,
1813 2267 1991 2350 quod
2049 2266 2418 2333 abhorreret
2468 2269 2604 2351 pla·

716 2405 801 2453 ne
834 2405 871 2452 a
911 2384 1321 2471 philosophia
1372 2384 1730 2465 Platonica3
1795 2399 2221 2454 verumtamen
2259 2385 2437 2451 Plato
2484 2404 2603 2452 nec

717 2503 1085 2588 religionem
1159 2501 1468 2587 spectavit
1525 2501 1822 2586 proprie,
1885 2520 2002 2568 nec
2060 2501 2390 2569 interiores
2449 2521 2601 2568 nos·

719 2634 857 2687 tros
890 2619 1081 2688 animi
1132 2638 1398 2688 sensus:
1457 2635 1720 2686 mentem
1761 2618 2037 2703 respexit
2068 2665 2093 2699 ,
2152 2624 2256 2690 τὸν
2318 2626 2446 2689 νοῦν
2467 2668 2490 2699 ,
2533 2633 2599 2686 et

717 2739 1019 2807 mundum
1070 2744 1269 2820 νοητὸν
1291 2785 1316 2819 ,
1378 2741 1637 2824 verique
1698 2737 1765 2802 in
1821 2737 1943 2802 hoc
1993 2736 2288 2802 cernendi
2339 2733 2599 2802 faculta-

715 2872 846 2925 tem
898 2858 1013 2923 hac
1052 2875 1215 2923 voce
1265 2855 1601 2940 expressit.
1693 2854 1820 2920 Sed
1873 2872 2004 2918 rem
2065 2872 2187 2919 nos
2246 2853 2596 2919 accuratius

715 2988 782 3042 et
821 2994 899 3042 ex
932 2975 1095 3057 ipsis
1143 2972 1515 3058 philosophi
1555 2970 1885 3055 principiis
1926 2971 2336 3055 explicemus,

800 3092 1106 3159 Sensibus
1173 3090 1329 3171 ille,
1393 3103 1469 3155 ut
1521 3088 1793 3155 vidimus
1821 3135 1845 3170 ,
1907 3088 2031 3153 hoc
2096 3088 2449 3166 tribuebat,
2517 3102 2594 3153 ut

712 3213 791 3279 de
838 3210 1027 3276 rebus
1085 3208 1354 3275 externis
1412 3221 1739 3272 monerent
1794 3206 2252 3290 certioremque
2318 3203 2596 3272 facerent

716 3333 1030 3411 animum3
1079 3329 1142 3373 <⁸³
1191 3326 1318 3393 vim
1358 3343 1566 3392 autem
1611 3325 1936 3410 quamdam
1986 3323 2382 3407 praecipuam
2410 3369 2435 3405 ,
2478 3323 2602 3388 hu·

713 3453 950 3537 iusque
1016 3445 1257 3533 negotii
1314 3441 1668 3511 facultatem
1715 3442 2092 3529 singularem
2155 3441 2326 3509 visui
2387 3442 2602 3508 inesse

688 3539 1009 3633 'censebat
1032 3610 1057 3646 ,
1102 3564 1343 3648 quippe
1392 3561 1506 3645 qui
1564 3561 1850 3627 acumine
1896 3579 2121 3627 sensus
2165 3575 2442 3626 caeteros
2487 3578 2602 3623 su·

2467 3693 2587 3764 Pe·

795 3869 877 3937 (ι)
915 3865 1052 3934 Rep.
1078 3863 1202 3918 vn.
1256 3863 1377 3933 5²7·
1414 3860 1484 3916 E.
1517 3860 1639 3915 535.
1690 3862 1770 3917 D.
1970 3860 2054 3932 (a)
2094 3859 2169 3912 V.
2216 3855 2490 3926 wyttenh.
2527 3856 2603 3912 nd

723 3966 872 4050 qut.
927 3964 996 4017 de
1050 3964 1110 4018 S.
1158 3962 1233 4020 N.
1287 3961 1363 4017 V.
1410 3979 1467 4032 p.
1526 3961 1610 4034 95.
1827 3961 1912 4034 (ὅ)
1949 3960 2040 4015 Cf.
2086 3959 2224 4028 Rep.
2281 3955 2420 4011 vll.
2474 3953 2605 4012 523-

725 4068 805 4126 D.
834 4068 958 4123 524.
993 4065 1069 4119 D.
