2900 4817
1017 519 1410 566 -101—

302 684 521 751 demus
544 728 570 765 ,
647 697 721 749 ut
773 681 856 748 ‘ab
926 679 1286 748 hominibus
1342 694 1751 768 usurparetur
1806 702 1928 768 pro
1995 705 2175 771 gym-

298 800 532 868 nastica
579 801 889 887 fucata-ix
908 846 933 880 ,
995 817 1128 883 pro
1189 794 1491 865 medicina
1562 802 1938 887 coquinaria
2004 802 2174 884 peri·

294 919 382 984 tia
404 965 429 998 ‚
474 917 540 983 in
583 916 800 1001 primis
841 934 995 982 vero
1048 929 1113 982 et
1150 914 1228 980 ad
1272 932 1583 980 summum
1644 915 1919 982 hominis
1972 917 2169 983 detri-

294 1048 576 1102 mentum
650 1051 769 1118 pro
828 1031 1200 1117 legislatoria
1257 1033 1570 1098 coleretur
1626 1038 1904 1119 σοφιςεκῆ
1927 1081 1951 1115 ,
2041 1049 2165 1119 pro

289 1148 537 1234 justitia
579 1154 864 1236 ῥητορικὴ.
909 1147 979 1187 ⁶¹³
2116 1211 2123 1220 .
2161 1219 2182 1244 ·

377 1266 518 1331 Hac
577 1266 756 1332 Plato
809 1265 1233 1348 ‚festivissima
1327 1266 1758 1350 disputatione
1847 1269 2163 1353 vulgarem

295 1380 400 1447 sui
432 1380 572 1448 aevi
617 1398 1103 1464 perversamque
1142 1383 1559 1465 eloquentiam
1604 1382 2003 1466 perstrinxit=
2048 1401 2165 1452 nec

291 1516 451 1565 vero
505 1487 791 1582 pepercit
863 1497 928 1563 in
985 1498 1202 1565 eodem
1263 1498 1512 1583 dialogo
1581 1500 1922 1583 superioris
1984 1502 2168 1570 etiam

290 1613 530 1681 saeculi
586 1612 939 1681 oratoribus
960 1660 985 1694 ‚
1049 1613 1376 1697 Miltiadi,
1439 1612 1902 1695 Themistocli,
1948 1617 2172 1683 Cimo-

295 1730 411 1812 ni,
477 1748 562 1797 ne
618 1728 741 1812 ipsi
793 1730 950 1796 adeo
1001 1729 1270 1811 Pericli,
1333 1748 1522 1813 quem
1579 1729 1643 1795 in
1694 1730 1976 1798 Phaedro
2033 1733 2169 1798 lau·
2290 1815 2295 1819 ι

291 1847 567 1914 davemt.
653 1846 850 1933 Quod
881 1861 983 1912 ·ut
1042 1845 1186 1928 quis
1231 1846 1490 1914 miratur
1525 1844 1738 1929 forte,
1783 1847 1997 1915 mirata
2035 1866 2169 1914 cer-

298 1977 365 2032 te
407 1982 537 2054 rem
591 1961 929 2044 antiquitas
994 1978 1092 2029 est
1116 2009 1141 2044 ,
1186 1963 1272 2028 ita
1317 1981 1685 2046 quaeramus
1736 1983 1992 2032 necesse
2025 1980 2170 2048 est,

299 2099 466 2163 quae
525 2079 772 2145 tandem
833 2080 933 2144 illa
985 2080 1344 2163 eloquentia
1404 2080 1538 2161 sit,
1576 2091 1762 2163 ‘quam
1785 2126 1810 2162 ,
1853 2082 1934 2149 de
1967 2082 2169 2166 ipsius

301 2175 612 2264 sententia
633 2244 657 2279 ‚
702 2210 1016 2262 oratorum
1049 2196 1248 2261 adhuc
1294 2195 1602 2280 attigisset
1651 2215 1861 2265 nem0.
1949 2198 2167 2285 Vulgo

298 2313 446 2381 duci
503 2329 817 2380 oratorum
873 2311 1257 2396 vituperatio
1317 2312 1419 2378 illa
1439 2360 1464 2394 ‚
1530 2331 1716 2394 quam
1772 2314 1915 2380 data
1974 2319 2168 2399 opera

298 2429 690 2498 orationibus
753 2427 1047 2496 refutavit
1106 2428 1421 2494 Aristides
1505 2430 1754 2495 Rhetor
1775 2476 1800 2511 ,
1863 2448 1942 2496 ex
2013 2432 2164 2496 odio

293 2534 574 2617 Platonis
638 2545 705 2610 in
766 2543 1065 2629 politicos
1123 2543 1298 2611 viros
1361 2546 1567 2624 solet3
1651 2564 1771 2630 ego
1826 2566 1980 2614 vero
2032 2567 2161 2616 rem

297 2666 514 2750 paullo
566 2664 754 2730 altius
817 2679 881 2728 et
941 2682 1019 2728 ex
1079 2662 1236 2746 ipsis
1310 2662 1663 2730 Platonicae
1723 2664 2163 2748 philosophiae

297 2779 628 2867 principiis
687 2792 984 2861 repetam.
1114 2776 1303 2843 Haud
1365 2776 1500 2841 aliis
1561 2777 1848 2857 equidem
1923 2779 2165 2844 caussis

297 2899 557 2976 tribuo,
620 2895 798 2978 quod
850 2890 1431 2976 praestantissimos
1489 2890 1608 2958 hos
1654 2904 1932 2974 oratores
1998 2893 2166 2958 vitu-

297 3014 543 3101 peravit
607 3009 1076 3096 philosophus,
1151 3025 1334 3088 quam
1395 3005 1614 3072 iisdem
1676 3008 1845 3089 illis,
1930 3007 2195 3090 quibus·

295 3132 601 3199 adductus
625 3175 651 3210 ‚
736 3127 803 3192 in
875 3125 1189 3192 civitatem
1270 3141 1401 3189 non
1479 3123 1726 3189 admisit
1785 3123 2162 3193 Homerum.

297 3248 495 3336 Quod
547 3264 678 3330 quo
723 3244 1084 3328 diligentius
1142 3241 1673 3323 exploraverimus
1698 3287 1722 3321 ‚
1769 3240 1854 3306 ita
1902 3242 1980 3308 de
2023 3260 2165 3324 per·

295 3353 470 3430 fecto
517 3374 764 3426 oratore
806 3355 1086 3424 Platonis
1132 3355 1629 3422 existimabimus
1673 3358 1911 3423 verius·

385 3476 760 3546 Audivimus
816 3472 1116 3558 Gorgiam
1142 3518 1166 3552 ‚
1234 3473 1389 3553 qui,
1456 3492 1640 3555 quam
1706 3471 1888 3537 inane
1908 3519 1933 3553 ‚
1977 3491 2161 3554 quam

295 3593 539 3662 homini
595 3591 1017 3676 perniciosum
1082 3602 1288 3667 esset,
1375 3607 1506 3669 quo
1573 3588 1958 3668 ducebatur,
2035 3593 2168 3657 elo-

297 3711 588 3797 quentiae
638 3709 961 3787 studium,
1026 3725 1061 3772 a
1119 3705 1375 3771 Socrate
1430 3717 1685 3768 coactus
1741 3685 1847 3770 est
1895 3706 2163 3773 confite-

296 3831 389 3911 ri;
455 3845 622 3893 nunc
669 3824 990 3892 Calliclem
1046 3822 1408 3902 audiamuS,
1469 3801 1583 3903 'qui
1638 3826 1754 3888 sual
1812 3838 2045 3908 sponte
2092 3825 2157 3888 in

315 4005 320 4010 .
2021 3939 2164 4021 phi·

376 4080 460 4150 (ι)
499 4075 671 4148 Gorg.
704 4075 806 4134 464
841 4077 902 4131 B.
