<?xml version="1.0" encoding="UTF-8"?>
<!DOCTYPE html PUBLIC "-//W3C//DTD XHTML 1.0 Transitional//EN"
    "http://www.w3.org/TR/xhtml1/DTD/xhtml1-transitional.dtd">
<html xmlns="http://www.w3.org/1999/xhtml" xml:lang="en" lang="en">
 <head>
  <title>
</title>
<meta http-equiv="Content-Type" content="text/html;charset=utf-8" />
  <meta name='ocr-system' content='tesseract 3.04.00' />
  <meta name='ocr-capabilities' content='ocr_page ocr_carea ocr_par ocr_line ocrx_word'/>
</head>
<body>
  <div class='ocr_page' id='page_1' title='image "./initiaphilosoph06heusgoog/initiaphilosoph06heusgoog_0497.png"; bbox 0 0 2900 4817; ppageno 0'>
   <div class='ocr_carea' id='block_1_1' title="bbox 1129 459 1485 526">
    <p class='ocr_par' dir='ltr' id='par_1_1' title="bbox 1129 459 1485 526">
     <span class='ocr_line' id='line_1_1' title="bbox 1129 459 1485 526; baseline 0 -15"><span class='ocrx_word' id='word_1_1' title='bbox 1129 492 1222 511; x_wconf 94' lang='lat'><em>....</em></span> <span class='ocrx_word' id='word_1_2' title='bbox 1261 459 1485 526; x_wconf 51' lang='lat' dir='ltr'><strong>ord.</strong></span> 
     </span>
    </p>
   </div>
   <div class='ocr_carea' id='block_1_2' title="bbox 351 639 2219 965">
    <p class='ocr_par' dir='ltr' id='par_1_2' title="bbox 351 639 2219 965">
     <span class='ocr_line' id='line_1_2' title="bbox 699 639 1878 729; baseline -0.003 -19"><span class='ocrx_word' id='word_1_3' title='bbox 699 642 1222 710; x_wconf 72' lang='lat' dir='ltr'><em>Discernere</em></span> <span class='ocrx_word' id='word_1_4' title='bbox 1279 641 1473 707; x_wconf 79' lang='lat' dir='ltr'><strong>hacc</strong></span> <span class='ocrx_word' id='word_1_5' title='bbox 1533 639 1878 729; x_wconf 72' lang='lat' dir='ltr'><strong>placita</strong></span> 
     </span>
     <span class='ocr_line' id='line_1_3' title="bbox 351 756 2219 849; baseline -0.001 -23"><span class='ocrx_word' id='word_1_6' title='bbox 351 758 798 827; x_wconf 66' lang='lat' dir='ltr'><strong>-PlatonIs</strong></span> <span class='ocrx_word' id='word_1_7' title='bbox 863 756 968 827; x_wconf 82' lang='lat' dir='ltr'><strong>ab</strong></span> <span class='ocrx_word' id='word_1_8' title='bbox 1027 758 1560 826; x_wconf 75' lang='lat' dir='ltr'><strong>Aristotelis</strong></span> <span class='ocrx_word' id='word_1_9' title='bbox 1617 759 2219 849; x_wconf 61' lang='lat' dir='ltr'><strong>metaphysica,</strong></span> 
     </span>
     <span class='ocr_line' id='line_1_4' title="bbox 1063 888 1462 965; baseline 0.005 -23"><span class='ocrx_word' id='word_1_10' title='bbox 1063 888 1462 965; x_wconf 77' lang='lat' dir='ltr'><strong>·oportet.</strong></span> 
     </span>
    </p>
   </div>
   <div class='ocr_carea' id='block_1_3' title="bbox 346 1107 2241 1433">
    <p class='ocr_par' dir='ltr' id='par_1_3' title="bbox 346 1107 2241 1433">
     <span class='ocr_line' id='line_1_5' title="bbox 430 1107 2228 1196; baseline -0.002 -14"><span class='ocrx_word' id='word_1_11' title='bbox 430 1113 648 1182; x_wconf 74' lang='lat' dir='ltr'><strong>Altius</strong></span> <span class='ocrx_word' id='word_1_12' title='bbox 699 1115 952 1182; x_wconf 79' lang='lat' dir='ltr'><strong>evolare</strong></span> <span class='ocrx_word' id='word_1_13' title='bbox 998 1112 1317 1180; x_wconf 86' lang='lat' dir='ltr'><strong>hominem</strong></span> <span class='ocrx_word' id='word_1_14' title='bbox 1337 1155 1363 1191; x_wconf 95' lang='lat'><strong>,</strong></span> <span class='ocrx_word' id='word_1_15' title='bbox 1424 1128 1614 1192; x_wconf 82' lang='lat' dir='ltr'><strong>quam</strong></span> <span class='ocrx_word' id='word_1_16' title='bbox 1669 1107 1876 1196; x_wconf 79' lang='lat' dir='ltr'><strong>ipsius</strong></span> <span class='ocrx_word' id='word_1_17' title='bbox 1934 1110 2062 1179; x_wconf 86' lang='lat' dir='ltr'><strong>fert</strong></span> <span class='ocrx_word' id='word_1_18' title='bbox 2119 1125 2228 1180; x_wconf 84' lang='lat' dir='ltr'><strong>na’·</strong></span> 
     </span>
     <span class='ocr_line' id='line_1_6' title="bbox 353 1227 2241 1314; baseline -0.001 -19"><span class='ocrx_word' id='word_1_19' title='bbox 353 1244 543 1314; x_wconf 80' lang='lat' dir='ltr'><strong>tura,</strong></span> <span class='ocrx_word' id='word_1_20' title='bbox 586 1247 775 1299; x_wconf 88' lang='lat' dir='ltr'><strong>vetus</strong></span> <span class='ocrx_word' id='word_1_21' title='bbox 837 1245 936 1301; x_wconf 85' lang='lat' dir='ltr'><strong>est</strong></span> <span class='ocrx_word' id='word_1_22' title='bbox 977 1243 1092 1297; x_wconf 85' lang='lat' dir='ltr'><strong>nec</strong></span> <span class='ocrx_word' id='word_1_23' title='bbox 1133 1229 1368 1314; x_wconf 81' lang='lat' dir='ltr'><strong>injusta</strong></span> <span class='ocrx_word' id='word_1_24' title='bbox 1405 1244 1672 1310; x_wconf 83' lang='lat' dir='ltr'><strong>prorsus</strong></span> <span class='ocrx_word' id='word_1_25' title='bbox 1695 1274 1721 1308; x_wconf 93' lang='lat'><strong>,</strong></span> <span class='ocrx_word' id='word_1_26' title='bbox 1758 1246 1798 1294; x_wconf 83' lang='lat' dir='ltr'><strong>a</strong></span> <span class='ocrx_word' id='word_1_27' title='bbox 1836 1227 2046 1312; x_wconf 69' lang='lat' dir='ltr'><strong>poetis</strong></span> <span class='ocrx_word' id='word_1_28' title='bbox 2096 1240 2241 1296; x_wconf 68' lang='lat' dir='ltr'><strong>non*</strong></span> 
     </span>
     <span class='ocr_line' id='line_1_7' title="bbox 346 1341 2158 1433; baseline -0.002 -19"><span class='ocrx_word' id='word_1_29' title='bbox 346 1348 556 1416; x_wconf 82' lang='lat' dir='ltr'><strong>minus</strong></span> <span class='ocrx_word' id='word_1_30' title='bbox 579 1396 605 1430; x_wconf 93' lang='lat'><strong>,</strong></span> <span class='ocrx_word' id='word_1_31' title='bbox 650 1367 839 1433; x_wconf 82' lang='lat' dir='ltr'><strong>quam</strong></span> <span class='ocrx_word' id='word_1_32' title='bbox 881 1367 921 1414; x_wconf 44' lang='lat' dir='ltr'><strong>wa</strong></span> <span class='ocrx_word' id='word_1_33' title='bbox 974 1342 1380 1431; x_wconf 88' lang='lat' dir='ltr'><strong>philosophis</strong></span> <span class='ocrx_word' id='word_1_34' title='bbox 1423 1341 1826 1427; x_wconf 80' lang='lat' dir='ltr'><strong>frequentata</strong></span> <span class='ocrx_word' id='word_1_35' title='bbox 1865 1344 2119 1428; x_wconf 82' lang='lat' dir='ltr'><strong>querela</strong></span> <span class='ocrx_word' id='word_1_36' title='bbox 2136 1365 2158 1410; x_wconf 73' lang='grc' dir='ltr'><em>ε</em></span> 
     </span>
    </p>
   </div>
   <div class='ocr_carea' id='block_1_4' title="bbox 555 1579 2018 1789">
    <p class='ocr_par' dir='ltr' id='par_1_4' title="bbox 555 1579 2018 1789">
     <span class='ocr_line' id='line_1_8' title="bbox 555 1579 1594 1650; baseline -0.005 0"><span class='ocrx_word' id='word_1_37' title='bbox 555 1582 691 1650; x_wconf 79' lang='lat' dir='ltr'><strong>Nil</strong></span> <span class='ocrx_word' id='word_1_38' title='bbox 724 1580 1095 1650; x_wconf 75' lang='lat' dir='ltr'><em>mortalibus</em></span> <span class='ocrx_word' id='word_1_39' title='bbox 1135 1579 1412 1649; x_wconf 82' lang='lat' dir='ltr'><strong>arduum</strong></span> <span class='ocrx_word' id='word_1_40' title='bbox 1458 1594 1549 1647; x_wconf 74' lang='lat' dir='ltr'><strong>est</strong></span> <span class='ocrx_word' id='word_1_41' title='bbox 1568 1602 1594 1645; x_wconf 80' lang='lat'><strong>.-</strong></span> 
     </span>
     <span class='ocr_line' id='line_1_9' title="bbox 762 1695 2018 1789; baseline -0.004 -21"><span class='ocrx_word' id='word_1_42' title='bbox 762 1700 1010 1768; x_wconf 77' lang='lat' dir='ltr'><strong>Coclum</strong></span> <span class='ocrx_word' id='word_1_43' title='bbox 1048 1702 1252 1788; x_wconf 71' lang='lat' dir='ltr'><strong>ipsum</strong></span> <span class='ocrx_word' id='word_1_44' title='bbox 1285 1700 1559 1789; x_wconf 75' lang='lat' dir='ltr'><strong>petimus</strong></span> <span class='ocrx_word' id='word_1_45' title='bbox 1599 1696 1891 1764; x_wconf 72' lang='lat' dir='ltr'><strong>stultitia</strong></span> <span class='ocrx_word' id='word_1_46' title='bbox 1908 1695 2018 1763; x_wconf 77' lang='lat' dir='ltr'><strong>(r).</strong></span> 
     </span>
    </p>
   </div>
   <div class='ocr_carea' id='block_1_5' title="bbox 297 1932 2247 4138">
    <p class='ocr_par' dir='ltr' id='par_1_5' title="bbox 297 1932 2247 3895">
     <span class='ocr_line' id='line_1_10' title="bbox 347 1932 2232 2020; baseline -0.003 -15"><span class='ocrx_word' id='word_1_47' title='bbox 347 1939 439 2005; x_wconf 88' lang='lat' dir='ltr'><strong>Et</strong></span> <span class='ocrx_word' id='word_1_48' title='bbox 471 1951 724 2005; x_wconf 84' lang='lat' dir='ltr'><strong>constat</strong></span> <span class='ocrx_word' id='word_1_49' title='bbox 739 1985 764 2020; x_wconf 94' lang='lat'><strong>,</strong></span> <span class='ocrx_word' id='word_1_50' title='bbox 833 1955 1039 2005; x_wconf 86' lang='lat' dir='ltr'><strong>rerum</strong></span> <span class='ocrx_word' id='word_1_51' title='bbox 1099 1934 1630 2019; x_wconf 67' lang='lat' dir='ltr'><strong>exquirenda-um</strong></span> <span class='ocrx_word' id='word_1_52' title='bbox 1680 1932 2047 2011; x_wconf 77' lang='lat' dir='ltr'><strong>difficultate</strong></span> <span class='ocrx_word' id='word_1_53' title='bbox 2098 1948 2232 1999; x_wconf 76' lang='lat' dir='ltr'><strong>non</strong></span> 
     </span>
     <span class='ocr_line' id='line_1_11' title="bbox 347 2049 2235 2149; baseline -0.003 -26"><span class='ocrx_word' id='word_1_54' title='bbox 347 2070 589 2124; x_wconf 85' lang='lat' dir='ltr'><strong>tantum</strong></span> <span class='ocrx_word' id='word_1_55' title='bbox 630 2075 763 2122; x_wconf 90' lang='lat' dir='ltr'><strong>non</strong></span> <span class='ocrx_word' id='word_1_56' title='bbox 805 2054 1210 2123; x_wconf 85' lang='lat' dir='ltr'>absterritum</span> <span class='ocrx_word' id='word_1_57' title='bbox 1249 2052 1458 2120; x_wconf 88' lang='lat' dir='ltr'><strong>fuisse</strong></span> <span class='ocrx_word' id='word_1_58' title='bbox 1501 2052 1674 2120; x_wconf 88' lang='lat' dir='ltr'><strong>omni</strong></span> <span class='ocrx_word' id='word_1_59' title='bbox 1720 2066 1921 2149; x_wconf 70' lang='lat' dir='ltr'><strong>seve,</strong></span> <span class='ocrx_word' id='word_1_60' title='bbox 1976 2049 2097 2118; x_wconf 78' lang='lat' dir='ltr'><strong>sed</strong></span> <span class='ocrx_word' id='word_1_61' title='bbox 2123 2067 2235 2117; x_wconf 78' lang='lat' dir='ltr'><strong>ex·</strong></span> 
     </span>
     <span class='ocr_line' id='line_1_12' title="bbox 351 2167 2240 2258; baseline -0.003 -18"><span class='ocrx_word' id='word_1_62' title='bbox 351 2174 613 2240; x_wconf 77' lang='lat' dir='ltr'><strong>citatum</strong></span> <span class='ocrx_word' id='word_1_63' title='bbox 670 2173 827 2240; x_wconf 81' lang='lat' dir='ltr'><strong>adeo</strong></span> <span class='ocrx_word' id='word_1_64' title='bbox 883 2173 1216 2258; x_wconf 80' lang='lat' dir='ltr'><strong>ingenium·</strong></span> <span class='ocrx_word' id='word_1_65' title='bbox 1273 2171 1616 2237; x_wconf 86' lang='lat' dir='ltr'><strong>humanum</strong></span> <span class='ocrx_word' id='word_1_66' title='bbox 1642 2215 1668 2251; x_wconf 95' lang='lat'><strong>,</strong></span> <span class='ocrx_word' id='word_1_67' title='bbox 1733 2182 1849 2251; x_wconf 87' lang='lat' dir='ltr'><strong>ut,</strong></span> <span class='ocrx_word' id='word_1_68' title='bbox 1904 2187 2038 2252; x_wconf 88' lang='lat' dir='ltr'><strong>quo</strong></span> <span class='ocrx_word' id='word_1_69' title='bbox 2080 2167 2240 2250; x_wconf 77' lang='lat' dir='ltr'><strong>quid</strong></span> 
     </span>
     <span class='ocr_line' id='line_1_13' title="bbox 353 2284 2235 2373; baseline -0.002 -17"><span class='ocrx_word' id='word_1_70' title='bbox 353 2304 522 2356; x_wconf 88' lang='lat' dir='ltr'><strong>esset</strong></span> <span class='ocrx_word' id='word_1_71' title='bbox 564 2289 876 2357; x_wconf 83' lang='lat' dir='ltr'><strong>excelsius</strong></span> <span class='ocrx_word' id='word_1_72' title='bbox 896 2335 920 2370; x_wconf 95' lang='lat'><strong>,</strong></span> <span class='ocrx_word' id='word_1_73' title='bbox 989 2308 1123 2371; x_wconf 86' lang='lat' dir='ltr'><strong>quo</strong></span> <span class='ocrx_word' id='word_1_74' title='bbox 1180 2288 1330 2355; x_wconf 88' lang='lat' dir='ltr'><strong>item</strong></span> <span class='ocrx_word' id='word_1_75' title='bbox 1388 2288 1466 2353; x_wconf 85' lang='lat' dir='ltr'><strong>ad</strong></span> <span class='ocrx_word' id='word_1_76' title='bbox 1532 2287 1653 2353; x_wconf 86' lang='lat' dir='ltr'><strong>rite</strong></span> <span class='ocrx_word' id='word_1_77' title='bbox 1724 2284 2235 2373; x_wconf 78' lang='lat' dir='ltr'><strong>cognoscendum</strong></span> 
     </span>
     <span class='ocr_line' id='line_1_14' title="bbox 349 2400 2239 2491; baseline -0.002 -20"><span class='ocrx_word' id='word_1_78' title='bbox 349 2405 710 2486; x_wconf 88' lang='lat' dir='ltr'><strong>difficilius,</strong></span> <span class='ocrx_word' id='word_1_79' title='bbox 754 2422 833 2472; x_wconf 93' lang='lat' dir='ltr'><strong>eo</strong></span> <span class='ocrx_word' id='word_1_80' title='bbox 874 2404 1073 2490; x_wconf 86' lang='lat' dir='ltr'><strong>magis</strong></span> <span class='ocrx_word' id='word_1_81' title='bbox 1121 2404 1476 2472; x_wconf 85' lang='lat' dir='ltr'><strong>adverteret</strong></span> <span class='ocrx_word' id='word_1_82' title='bbox 1520 2403 1778 2471; x_wconf 84' lang='lat' dir='ltr'><strong>humani</strong></span> <span class='ocrx_word' id='word_1_83' title='bbox 1818 2400 2065 2491; x_wconf 77' lang='lat' dir='ltr'><strong>generis</strong></span> <span class='ocrx_word' id='word_1_84' title='bbox 2100 2415 2239 2469; x_wconf 88' lang='lat' dir='ltr'><strong>stu-</strong></span> 
     </span>
     <span class='ocr_line' id='line_1_15' title="bbox 353 2518 2239 2606; baseline -0.001 -19"><span class='ocrx_word' id='word_1_85' title='bbox 353 2520 480 2587; x_wconf 84' lang='lat' dir='ltr'><strong>dia.</strong></span> <span class='ocrx_word' id='word_1_86' title='bbox 572 2521 781 2606; x_wconf 87' lang='lat' dir='ltr'><strong>Cujus</strong></span> <span class='ocrx_word' id='word_1_87' title='bbox 835 2520 926 2588; x_wconf 90' lang='lat' dir='ltr'><strong>rei</strong></span> <span class='ocrx_word' id='word_1_88' title='bbox 981 2520 1429 2587; x_wconf 88' lang='lat' dir='ltr'><strong>documentum</strong></span> <span class='ocrx_word' id='word_1_89' title='bbox 1476 2536 1575 2587; x_wconf 88' lang='lat' dir='ltr'><strong>est</strong></span> <span class='ocrx_word' id='word_1_90' title='bbox 1619 2518 1868 2606; x_wconf 84' lang='lat' dir='ltr'><strong>insigne</strong></span> <span class='ocrx_word' id='word_1_91' title='bbox 1908 2519 2121 2587; x_wconf 81' lang='lat' dir='ltr'><strong>eadem</strong></span> <span class='ocrx_word' id='word_1_92' title='bbox 2162 2521 2239 2586; x_wconf 87' lang='lat' dir='ltr'><strong>il-</strong></span> 
     </span>
     <span class='ocr_line' id='line_1_16' title="bbox 355 2637 2240 2725; baseline -0.001 -21"><span class='ocrx_word' id='word_1_93' title='bbox 355 2640 415 2704; x_wconf 80' lang='lat' dir='ltr'><strong>la</strong></span> <span class='ocrx_word' id='word_1_94' title='bbox 436 2686 462 2720; x_wconf 93' lang='lat'><strong>,</strong></span> <span class='ocrx_word' id='word_1_95' title='bbox 508 2658 696 2722; x_wconf 81' lang='lat' dir='ltr'><strong>quam</strong></span> <span class='ocrx_word' id='word_1_96' title='bbox 748 2637 1232 2706; x_wconf 85' lang='lat' dir='ltr'><strong>memoravimus</strong></span> <span class='ocrx_word' id='word_1_97' title='bbox 1275 2638 1513 2718; x_wconf 86' lang='lat' dir='ltr'><strong>mod0‚</strong></span> <span class='ocrx_word' id='word_1_98' title='bbox 1556 2639 2016 2725; x_wconf 73' lang='lat' dir='ltr'><strong>metaphysica,</strong></span> <span class='ocrx_word' id='word_1_99' title='bbox 2057 2654 2240 2703; x_wconf 80' lang='lat' dir='ltr'><strong>caus-</strong></span> 
     </span>
     <span class='ocr_line' id='line_1_17' title="bbox 351 2753 2243 2840; baseline -0.002 -18"><span class='ocrx_word' id='word_1_100' title='bbox 351 2774 561 2822; x_wconf 82' lang='lat' dir='ltr'><strong>sarum</strong></span> <span class='ocrx_word' id='word_1_101' title='bbox 587 2803 611 2836; x_wconf 90' lang='lat'><strong>,</strong></span> <span class='ocrx_word' id='word_1_102' title='bbox 659 2769 731 2821; x_wconf 89' lang='lat' dir='ltr'><strong>ut</strong></span> <span class='ocrx_word' id='word_1_103' title='bbox 765 2756 966 2840; x_wconf 87' lang='lat' dir='ltr'><strong>vulgo</strong></span> <span class='ocrx_word' id='word_1_104' title='bbox 1008 2754 1217 2821; x_wconf 79' lang='lat' dir='ltr'><strong>habita</strong></span> <span class='ocrx_word' id='word_1_105' title='bbox 1254 2758 1404 2835; x_wconf 83' lang='lat' dir='ltr'><strong>est‘,</strong></span> <span class='ocrx_word' id='word_1_106' title='bbox 1449 2753 1752 2835; x_wconf 89' lang='lat' dir='ltr'><strong>scientia,</strong></span> <span class='ocrx_word' id='word_1_107' title='bbox 1794 2773 1919 2835; x_wconf 85' lang='lat' dir='ltr'><strong>qua</strong></span> <span class='ocrx_word' id='word_1_108' title='bbox 1976 2765 2243 2819; x_wconf 80' lang='lat' dir='ltr'><strong>tractan-</strong></span> 
     </span>
     <span class='ocr_line' id='line_1_18' title="bbox 353 2870 2238 2953; baseline -0.002 -13"><span class='ocrx_word' id='word_1_109' title='bbox 353 2873 440 2940; x_wconf 68' lang='lat' dir='ltr'><strong>da</strong></span> <span class='ocrx_word' id='word_1_110' title='bbox 478 2874 570 2939; x_wconf 89' lang='lat' dir='ltr'><strong>sic</strong></span> <span class='ocrx_word' id='word_1_111' title='bbox 613 2873 807 2939; x_wconf 90' lang='lat' dir='ltr'><strong>homo</strong></span> <span class='ocrx_word' id='word_1_112' title='bbox 860 2890 931 2940; x_wconf 87' lang='lat' dir='ltr'><strong>se</strong></span> <span class='ocrx_word' id='word_1_113' title='bbox 974 2871 1235 2938; x_wconf 83' lang='lat' dir='ltr'><strong>annisus</strong></span> <span class='ocrx_word' id='word_1_114' title='bbox 1276 2885 1375 2937; x_wconf 87' lang='lat' dir='ltr'><strong>est</strong></span> <span class='ocrx_word' id='word_1_115' title='bbox 1411 2872 1479 2937; x_wconf 86' lang='lat' dir='ltr'><strong>in</strong></span> <span class='ocrx_word' id='word_1_116' title='bbox 1519 2873 1713 2937; x_wconf 87' lang='lat' dir='ltr'><strong>altum</strong></span> <span class='ocrx_word' id='word_1_117' title='bbox 1761 2870 2102 2953; x_wconf 81' lang='lat' dir='ltr'><strong>extollere,</strong></span> <span class='ocrx_word' id='word_1_118' title='bbox 2145 2871 2238 2937; x_wconf 89' lang='lat' dir='ltr'><strong>sic</strong></span> 
     </span>
     <span class='ocr_line' id='line_1_19' title="bbox 353 2989 2238 3074; baseline -0.001 -17"><span class='ocrx_word' id='word_1_119' title='bbox 353 2991 487 3057; x_wconf 84' lang='lat' dir='ltr'><strong>sibi</strong></span> <span class='ocrx_word' id='word_1_120' title='bbox 549 3008 867 3057; x_wconf 90' lang='lat' dir='ltr'><strong>summum</strong></span> <span class='ocrx_word' id='word_1_121' title='bbox 927 2989 1217 3074; x_wconf 82' lang='lat' dir='ltr'><strong>attigisse</strong></span> <span class='ocrx_word' id='word_1_122' title='bbox 1249 2989 1456 3056; x_wconf 63' lang='lat' dir='ltr'><strong>”visus</strong></span> <span class='ocrx_word' id='word_1_123' title='bbox 1525 3002 1666 3071; x_wconf 88' lang='lat' dir='ltr'><strong>est,</strong></span> <span class='ocrx_word' id='word_1_124' title='bbox 1736 3002 1857 3070; x_wconf 89' lang='lat' dir='ltr'><strong>ut,</strong></span> <span class='ocrx_word' id='word_1_125' title='bbox 1924 2989 2238 3073; x_wconf 81' lang='lat' dir='ltr'><strong>repertis,</strong></span> 
     </span>
     <span class='ocr_line' id='line_1_20' title="bbox 360 3106 2244 3191; baseline -0.001 -15"><span class='ocrx_word' id='word_1_126' title='bbox 360 3128 518 3191; x_wconf 86' lang='lat' dir='ltr'><strong>quas</strong></span> <span class='ocrx_word' id='word_1_127' title='bbox 574 3107 927 3175; x_wconf 80' lang='lat' dir='ltr'><strong>somniabat</strong></span> <span class='ocrx_word' id='word_1_128' title='bbox 946 3155 971 3190; x_wconf 94' lang='lat'><strong>,</strong></span> <span class='ocrx_word' id='word_1_129' title='bbox 1015 3126 1224 3174; x_wconf 86' lang='lat' dir='ltr'><strong>rerum</strong></span> <span class='ocrx_word' id='word_1_130' title='bbox 1283 3106 1564 3174; x_wconf 88' lang='lat' dir='ltr'><strong>omnium</strong></span> <span class='ocrx_word' id='word_1_131' title='bbox 1617 3107 1900 3188; x_wconf 81' lang='lat' dir='ltr'><strong>caussis,</strong></span> <span class='ocrx_word' id='word_1_132' title='bbox 1945 3125 2089 3175; x_wconf 86' lang='lat' dir='ltr'><strong>esse</strong></span> <span class='ocrx_word' id='word_1_133' title='bbox 2128 3125 2244 3174; x_wconf 83' lang='lat' dir='ltr'><strong>ne-</strong></span> 
     </span>
     <span class='ocr_line' id='line_1_21' title="bbox 297 3222 2243 3313; baseline -0.005 -19"><span class='ocrx_word' id='word_1_134' title='bbox 297 3302 302 3307; x_wconf 21' lang='lat'><strong>·</strong></span> <span class='ocrx_word' id='word_1_135' title='bbox 359 3244 531 3313; x_wconf 87' lang='lat' dir='ltr'><strong>garet</strong></span> <span class='ocrx_word' id='word_1_136' title='bbox 577 3226 797 3294; x_wconf 88' lang='lat' dir='ltr'><strong>mundi</strong></span> <span class='ocrx_word' id='word_1_137' title='bbox 842 3225 1132 3310; x_wconf 87' lang='lat' dir='ltr'><strong>opificem</strong></span> <span class='ocrx_word' id='word_1_138' title='bbox 1189 3225 1478 3293; x_wconf 84' lang='lat' dir='ltr'><strong>divinum</strong></span> <span class='ocrx_word' id='word_1_139' title='bbox 1498 3272 1524 3308; x_wconf 95' lang='lat'><strong>,</strong></span> <span class='ocrx_word' id='word_1_140' title='bbox 1569 3224 1711 3307; x_wconf 88' lang='lat' dir='ltr'><strong>ipse</strong></span> <span class='ocrx_word' id='word_1_141' title='bbox 1752 3222 2021 3308; x_wconf 83' lang='lat' dir='ltr'><strong>fingeret</strong></span> <span class='ocrx_word' id='word_1_142' title='bbox 2069 3226 2243 3312; x_wconf 85' lang='lat' dir='ltr'><strong>inge..</strong></span> 
     </span>
     <span class='ocr_line' id='line_1_22' title="bbox 357 3340 2246 3429; baseline -0.001 -17"><span class='ocrx_word' id='word_1_143' title='bbox 357 3345 470 3412; x_wconf 85' lang='lat' dir='ltr'><strong>nio</strong></span> <span class='ocrx_word' id='word_1_144' title='bbox 518 3358 1056 3429; x_wconf 85' lang='lat' dir='ltr'><strong>componeretque</strong></span> <span class='ocrx_word' id='word_1_145' title='bbox 1107 3343 1439 3412; x_wconf 87' lang='lat' dir='ltr'><strong>mundum.</strong></span> <span class='ocrx_word' id='word_1_146' title='bbox 1571 3343 1717 3428; x_wconf 86' lang='lat' dir='ltr'><strong>Qua</strong></span> <span class='ocrx_word' id='word_1_147' title='bbox 1777 3359 1927 3421; x_wconf 82' lang='lat' dir='ltr'><strong>sane</strong></span> <span class='ocrx_word' id='word_1_148' title='bbox 1968 3340 2246 3411; x_wconf 83' lang='lat' dir='ltr'><strong>vanitate</strong></span> 
     </span>
     <span class='ocr_line' id='line_1_23' title="bbox 360 3458 2246 3546; baseline -0.001 -18"><span class='ocrx_word' id='word_1_149' title='bbox 360 3462 452 3528; x_wconf 87' lang='lat' dir='ltr'><strong>nil</strong></span> <span class='ocrx_word' id='word_1_150' title='bbox 502 3460 632 3539; x_wconf 81' lang='lat' dir='ltr'><strong>fuit</strong></span> <span class='ocrx_word' id='word_1_151' title='bbox 684 3478 1026 3542; x_wconf 84' lang='lat' dir='ltr'><strong>umquam,</strong></span> <span class='ocrx_word' id='word_1_152' title='bbox 1065 3459 1158 3526; x_wconf 90' lang='lat' dir='ltr'><strong>nil</strong></span> <span class='ocrx_word' id='word_1_153' title='bbox 1211 3479 1354 3528; x_wconf 87' lang='lat' dir='ltr'><strong>esse</strong></span> <span class='ocrx_word' id='word_1_154' title='bbox 1396 3459 1614 3544; x_wconf 90' lang='lat' dir='ltr'><strong>potuit</strong></span> <span class='ocrx_word' id='word_1_155' title='bbox 1636 3506 1662 3542; x_wconf 95' lang='lat'><strong>,</strong></span> <span class='ocrx_word' id='word_1_156' title='bbox 1732 3459 1922 3546; x_wconf 39' lang='lat' dir='ltr'><strong>quod„</strong></span> <span class='ocrx_word' id='word_1_157' title='bbox 1955 3458 2246 3542; x_wconf 82' lang='lat' dir='ltr'><strong>philoso-</strong></span> 
     </span>
     <span class='ocr_line' id='line_1_24' title="bbox 355 3575 2240 3664; baseline -0.001 -18"><span class='ocrx_word' id='word_1_158' title='bbox 355 3579 546 3664; x_wconf 83' lang='lat' dir='ltr'><strong>phiae</strong></span> <span class='ocrx_word' id='word_1_159' title='bbox 590 3577 1037 3644; x_wconf 80' lang='lat' dir='ltr'><strong>existimationi</strong></span> <span class='ocrx_word' id='word_1_160' title='bbox 1079 3577 1412 3663; x_wconf 84' lang='lat' dir='ltr'><strong>ipsiusque</strong></span> <span class='ocrx_word' id='word_1_161' title='bbox 1454 3575 1683 3644; x_wconf 88' lang='lat' dir='ltr'><strong>studiis</strong></span> <span class='ocrx_word' id='word_1_162' title='bbox 1723 3575 1981 3644; x_wconf 86' lang='lat' dir='ltr'><strong>obesset</strong></span> <span class='ocrx_word' id='word_1_163' title='bbox 2018 3576 2240 3663; x_wconf 81' lang='lat' dir='ltr'><strong>magis.</strong></span> 
     </span>
     <span class='ocr_line' id='line_1_25' title="bbox 358 3693 2244 3793; baseline -0.001 -31"><span class='ocrx_word' id='word_1_164' title='bbox 358 3695 535 3783; x_wconf 89' lang='lat' dir='ltr'><strong>Quid</strong></span> <span class='ocrx_word' id='word_1_165' title='bbox 601 3694 716 3761; x_wconf 82' lang='lat' dir='ltr'><strong>hac</strong></span> <span class='ocrx_word' id='word_1_166' title='bbox 775 3693 843 3760; x_wconf 88' lang='lat' dir='ltr'><strong>in</strong></span> <span class='ocrx_word' id='word_1_167' title='bbox 913 3712 1132 3762; x_wconf 81' lang='lat' dir='ltr'><strong>caussa</strong></span> <span class='ocrx_word' id='word_1_168' title='bbox 1185 3695 1266 3763; x_wconf 90' lang='lat' dir='ltr'><strong>de</strong></span> <span class='ocrx_word' id='word_1_169' title='bbox 1320 3695 1589 3762; x_wconf 82' lang='lat' dir='ltr'><strong>Platone</strong></span> <span class='ocrx_word' id='word_1_170' title='bbox 1644 3693 2063 3793; x_wconf 84' lang='lat' dir='ltr'><strong>affirmandum</strong></span> <span class='ocrx_word' id='word_1_171' title='bbox 2120 3695 2244 3779; x_wconf 84' lang='lat' dir='ltr'><strong>sit,</strong></span> 
     </span>
     <span class='ocr_line' id='line_1_26' title="bbox 361 3811 2247 3895; baseline 0.002 -17"><span class='ocrx_word' id='word_1_172' title='bbox 361 3812 544 3879; x_wconf 88' lang='lat' dir='ltr'><strong>multi</strong></span> <span class='ocrx_word' id='word_1_173' title='bbox 589 3811 1094 3895; x_wconf 78' lang='lat' dir='ltr'><strong>pronunciatum</strong></span> <span class='ocrx_word' id='word_1_174' title='bbox 1114 3859 1140 3895; x_wconf 95' lang='lat'><strong>,</strong></span> <span class='ocrx_word' id='word_1_175' title='bbox 1184 3812 1374 3881; x_wconf 88' lang='lat' dir='ltr'><strong>nobis</strong></span> <span class='ocrx_word' id='word_1_176' title='bbox 1428 3831 1585 3883; x_wconf 84' lang='lat' dir='ltr'><strong>vero</strong></span> <span class='ocrx_word' id='word_1_177' title='bbox 1634 3813 1809 3882; x_wconf 82' lang='lat' dir='ltr'><strong>haud</strong></span> <span class='ocrx_word' id='word_1_178' title='bbox 1848 3812 2033 3884; x_wconf 85' lang='lat' dir='ltr'><strong>facile</strong></span> <span class='ocrx_word' id='word_1_179' title='bbox 2073 3815 2247 3884; x_wconf 81' lang='lat' dir='ltr'><strong>vido-</strong></span> 
     </span>
    </p>

    <p class='ocr_par' dir='ltr' id='par_1_6' title="bbox 2138 3943 2244 3997">
     <span class='ocr_line' id='line_1_27' title="bbox 2138 3943 2244 3997; baseline 0 0"><span class='ocrx_word' id='word_1_180' title='bbox 2138 3943 2244 3997; x_wconf 79' lang='lat' dir='ltr'><strong>tul·</strong></span> 
     </span>
    </p>

    <p class='ocr_par' dir='ltr' id='par_1_7' title="bbox 440 4060 1197 4138">
     <span class='ocr_line' id='line_1_28' title="bbox 440 4060 1197 4138; baseline 0.004 -23"><span class='ocrx_word' id='word_1_181' title='bbox 440 4060 530 4133; x_wconf 79' lang='grc' dir='ltr'><strong>(ι)</strong></span> <span class='ocrx_word' id='word_1_182' title='bbox 563 4063 753 4119; x_wconf 70' lang='lat' dir='ltr'><strong>nont.</strong></span> <span class='ocrx_word' id='word_1_183' title='bbox 788 4063 901 4118; x_wconf 69' lang='lat' dir='ltr'><strong>oa.</strong></span> <span class='ocrx_word' id='word_1_184' title='bbox 939 4064 988 4120; x_wconf 91' lang='lat'><strong>1.</strong></span> <span class='ocrx_word' id='word_1_185' title='bbox 1024 4064 1078 4118; x_wconf 79' lang='lat' dir='ltr'><strong>s.</strong></span> <span class='ocrx_word' id='word_1_186' title='bbox 1105 4067 1197 4138; x_wconf 65' lang='lat'><strong>52.</strong></span> 
     </span>
    </p>
   </div>
  </div>
 </body>
</html>
