2900 4817
1048 505 1395 585 '-⁸9-·

291 685 453 766 quin
511 684 712 751 videat
768 666 881 750 sua
942 699 1220 767 sponte:
1283 678 1396 749 sed
1433 702 1576 751 esse
1617 685 1868 751 eandem
1893 735 1917 768 ‚
1983 682 2175 767 quod·

290 802 612 883 diximus,
672 790 927 868 naturae
973 799 1360 905 congruam,
1424 819 1504 868 eo
1562 802 1805 885 patebit
1860 796 2173 868 manifes-

290 919 419 986 tius
442 966 467 999 ‚
532 938 664 1001 quo
727 919 923 1003 magis
975 906 1248 985 nativam
1292 917 1566 985 hominis
1624 918 1690 986 in
1749 917 2161 1003 disquirendo

293 1035 597 1103 rationem
655 1036 1125 1102 attenderimus.
1199 1035 1367 1102 Nam
1415 1036 1608 1103 homo
1634 1085 1659 1121 ‚
1701 1037 1985 1121 quamvis
2020 1038 2163 1103 uni·

288 1169 506 1219 versas
570 1167 779 1220 mente
840 1153 1010 1219 ideas
1066 1151 1290 1219 habeat
1315 1199 1340 1233 ‚
1425 1152 1565 1220 sine
1617 1154 1850 1236 quibus
1887 1154 2165 1240 judicare

291 1267 371 1334 de
428 1268 615 1335 rebus
680 1288 811 1335 non
880 1283 1142 1352 potest,
1213 1284 1422 1335 tamen
1477 1290 1512 1335 a
1568 1270 1832 1356 singulis
1886 1273 1964 1338 ad
2022 1273 2163 1339 uni-

289 1402 510 1468 versa,
575 1407 610 1452 a
671 1385 1061 1469 simplicibus
1120 1384 1200 1451 ad
1262 1384 1617 1468 composita
1638 1433 1662 1468 ‚
1728 1387 1805 1453 ab
1864 1387 1941 1454 iis
2004 1408 2165 1471 quae

290 1503 506 1585 videt,
593 1502 817 1583 audit‚‘
891 1501 1181 1568 manibus
1235 1515 1582 1569 contrectat
1604 1549 1629 1585 ‚
1694 1503 1986 1572 sensibus
2032 1525 2169 1572 om-

293 1620 453 1686 nino
534 1618 844 1702 percipit,
929 1619 1009 1683 ad
1083 1636 1153 1684 ea
1239 1636 1401 1701 quae
1471 1637 1605 1684 non
1681 1633 1899 1703 patent
1973 1625 2172 1691 sensi·

295 1739 424 1805 bus
446 1784 471 1818 ‚
541 1735 979 1821 progreditur:
1073 1753 1205 1818 quo
1278 1734 1353 1800 fit
1375 1781 1399 1816 ‚
1489 1749 1563 1799 ut
1628 1734 1778 1801 haec
1861 1735 2174 1830 declaren-

298 1854 408 1921 ‘tur
459 1852 729 1919 vocibus
788 1851 867 1917 ab
927 1850 1176 1917 illorum
1250 1850 1626 1920 notionibus
1685 1866 1749 1919 et
1797 1852 2168 1941 imaginibus

300 1970 537 2038 ductis.
668 1969 772 2038 Sic
855 1988 890 2034 a
944 1968 1210 2053 pueritia
1289 1970 1685 2054 suscepimus
1777 1962 1986 2039 ani'mo
2077 1966 2187 2042 ref

299 2104 442 2154 rum
521 2084 913 2151 sensibilium
978 2084 1272 2150 notiones
1295 2129 1321 2165 ‚
1423 2098 1490 2151 et
1555 2087 1668 2152 has
1748 2087 2044 2156 notiones
2104 2090 2172 2157 in

299 2218 402 2269 res
439 2249 463 2284 ‚
554 2201 847 2268 sensibus
925 2218 1056 2266 non
1153 2214 1436 2283 patentes
1459 2250 1486 2284 ‚
1572 2203 1818 2269 divinas
1906 2206 1973 2271 in
2047 2208 2179 2292 pri·

302 2320 478 2400 mis,
519 2316 951 2384 traduximusz
1015 2316 1185 2383 unde
1240 2314 1384 2382 Diis
1444 2315 1594 2383 fere·
1632 2321 1928 2387 mortales
1970 2323 2179 2391 homi-

308 2439 410 2504 nis
468 2435 767 2517 formam,
854 2446 1027 2500 certe
1075 2434 1392 2520 ingenium
1414 2482 1439 2517 ‚
1527 2434 1929 2506 tribuerunt.'
1995 2439 2183 2507 Hanc

305 2557 644 2623 naturalem
719 2551 1244 2621 animadvertendi
1319 2551 1808 2636 inquirendique
1870 2555 2179 2626 ration‘ern

306 2673 689 2756 sequebatur
758 2670 1076 2737 monendo
1170 2670 1739 2754 praecipiendoque
1820 2670 2109 2741 Socrates
2150 2694 2179 2742 t

306 2792 464 2876 quin
505 2788 686 2856 etiam
734 2788 1067 2853 ducem·se
1105 2786 1441 2868 praebebat
1478 2801 1543 2851 et
1583 2786 1877 2852 comitem
1931 2790 2181 2855 discen-

304 2909 375 2975 di
431 2904 736 2975 studiosis
762 2955 782 2983 ,
826 2918 899 2968 ut
953 2920 1074 2967 una
1110 2918 1256 2965 cum
1309 2898 1436 2965 illis
1493 2901 2003 2971 animadverteret
2045 2912 2185 2972 om-s'

241 3014 246 3025 ’
307 3026 411 3094 nia
435 3072 461 3108 ‚
543 3022 684 3108 ipse
747 3020 1286 3100 submonstraret‚
1369 3017 1461 3086 ini
1522 3018 1951 3088 attenderent:
2043 3022 2185 3108 ipse

311 3155 675 3227 quaereret,
764 3139 917 3221 quid
958 3136 1117 3204 effici
1176 3154 1214 3202 e
1256 3136 1524 3221 singulis
1583 3151 1848 3220 posset:
1937 3138 2062 3223 ipsi
2117 3138 2192 3208 id'

313 3261 642 3329 efficerent.
728 3256 804 3322 Id
853 3254 1083 3322 Graeci
1124 3258 1503 3340 προαγάγειν
1557 3275 1786 3323 vocare
1841 3259 2130 3327 solebant
2154 3304 2194 3346 ,-

313 3392 379 3446 et
398 3424 423 3459 ‚
486 3393 627 3440 esse
685 3374 842 3439 hanc
905 3372 1258 3437 dialecticae
1314 3373 1619 3440 rationem
1680 3393 1867 3440 unam
1925 3377 2187 3448 maxime

317 3509 577 3564 naturae
634 3502 1109 3556 consentaneam
1135 3535 1160 3569 ‚
1247 3487 1497 3573 linguae
1556 3490 1812 3557 docent.
1939 3493 2012 3560 In
2081 3494 2183 3566 his

318 3612 477 3697 ipsis
536 3628 657 3677 nos
719 3605 1066 3673 scribendis
1121 3620 1569 3688 saepenumero
1615 3608 1738 3692 jam
1777 3610 1919 3675 vtae
1972 3626 2036 3677 et
2075 3617 2188 3681 itl-

319 3734 487 3797 πενία
545 3725 990 3810 usurpavimus
1047 3722 1407 3789 notionem:
1457 3728 1786 3805 διηγεῖσθαι
1825 3743 2066 3798 veteres
2110 3732 2193 3801 de

319 3844 591 3914 ducendo
641 3843 901 3929 proprie
922 3858 972 3924 ,”
996 3840 1109 3910 sed
1161 3840 1307 3908 item
1358 3841 1438 3907 de
1475 3842 1802 3912 narrando
1828 3893 1850 3926 ,
1894 3867 2194 3933 exponen.

322 3963 439 4042 ὅσ,
483 3960 742 4029 docendo
801 3976 1227 4045 usurparunt:
1274 3990 1326 4046 μ
1348 3965 1568 4035 εθοδὸ
1591 3989 1623 4039 ς
1662 3963 2041 4031 vocabulum
2093 3981 2193 4032 est

311 4072 392 4147 ‘in
425 4076 641 4149 lexicis
692 4077 1059 4164 legitimuma
1140 4077 1314 4172 Quid
1359 4066 1575 4147 dicani‘
1591 4078 1670 4147 de
1715 4094 1943 4147 nostro
1977 4082 2199 4150 ander-

2067 4202 2198 4286 ,ᾖ
