2900 4817
741 652 933 704 terea.
1028 636 1211 704 Unde
1273 636 1653 705 theoreticae
1676 685 1701 719 ,
1746 655 1911 720 quae
1952 650 2260 718 vocatur,
2310 636 2632 721 inprimis·

747 773 877 838 que
946 753 1253 852 mysticae
1308 754 1756 839 philosophiae
1822 753 2284 820 commendatio
2311 802 2336 836 ,
2422 773 2630 839 quae,

749 886 994 958 praeter
1056 872 1215 937 hanc
1273 871 1499 938 mentis
1543 870 1862 954 animique
1918 872 2456 954 oblectationem,
2520 872 2634 939 vix

749 991 949 1056 ullum
997 988 1186 1054 habet
1232 988 1665 1073 propositum.
1778 992 1878 1055 De
1942 988 2130 1056 rebus
2185 1007 2336 1055 vero
2394 988 2635 1074 gravis-

752 1105 930 1172 simis
995 1123 1340 1189 earumque
1390 1106 1633 1171 caussis
1681 1123 1811 1170 non
1867 1105 2183 1188 inquirere
2217 1119 2631 1187 constanter,

746 1224 861 1292 aed
905 1237 1181 1290 statuere
1204 1268 1230 1305 ,
1277 1222 1390 1288 sed
1441 1242 1520 1289 ex
1577 1221 1828 1305 tripode
1865 1222 2328 1306 pronunciare,
2373 1220 2440 1287 id
2491 1221 2633 1290 uni·

745 1359 821 1408 ce
882 1340 1169 1409 audaciae
1219 1339 1681 1424 superbiaeque
1722 1339 2045 1405 hominurn
2087 1340 2411 1407 convenit.
2477 1339 2632 1426 Quo

749 1457 1015 1540 accidit,
1062 1471 1138 1523 ut
1195 1458 1275 1524 de
1319 1456 1511 1524 rebus
1557 1455 1786 1523 divinis
1842 1456 2255 1542 philosophi,
2316 1458 2484 1540 apud
2533 1475 2633 1524 re·

742 1575 1060 1643 centiores
1120 1573 1375 1658 quidem
1403 1620 1428 1654 ,
1494 1572 1778 1640 crebrius
1845 1571 1978 1641 fere
2035 1592 2106 1640 ac
2161 1575 2462 1641 subtilius
2520 1594 2630 1641 co·

749 1692 1125 1776 piosiusque
1146 1738 1171 1772 ,
1215 1710 1405 1773 quam
1451 1692 1530 1757 de
1584 1691 1870 1758 humanis
1930 1691 2342 1758 disseruerint
2378 1712 2450 1759 ac
2484 1712 2630 1762 sen-

746 1807 1005 1900 tentiani
1041 1807 1353 1876 dixerint..
1413 1807 1585 1887 Sed,
1632 1821 1702 1874 ut
1744 1805 2149 1880 facultatibus
2191 1822 2449 1878 naturae
2480 1826 2632 1888 nos·

746 1938 877 1992 trae
906 1969 932 2006 ‚
1014 1922 1101 1989 ita
1167 1922 1408 1987 nostris
1486 1921 1669 1987 etiam
1732 1921 2119 1988 naturalibus
2187 1922 2413 1989 studiis
2476 1941 2629 1989 con-

740 2057 967 2134 gruere
1009 2037 1456 2125 philosophiae
1495 2036 1643 2105 finis
1688 2038 1896 2106 debet.
1986 2038 2255 2106 Veritati
2300 2042 2630 2106 studemus

738 2160 1017 2244 ῳμῐά,
1062 2155 1176 2236 sed
1230 2175 1361 2223 non
1416 2154 1627 2223 minus
1692 2156 1964 2238 virtuti,
2026 2156 2295 2238 fierique
2340 2157 2628 2241 philoso-

744 2247 1016 2364 phando
1087 2293 1235 2354 non,
1296 2275 1506 2341 solum
1567 2273 1881 2341 acutiores
1959 2273 2038 2339 ad
2110 2272 2579 2342 discernendum
2603 2321 2634 2358 ,

741 2413 965 2462 verum
1011 2392 1199 2461 etiarn
1242 2392 1534 2470 meliores
1557 2397 1604 2472 ‚‘
1630 2389 2038 2477 perfectiores
2060 2439 2086 2473 ‚
2128 2389 2441 2458 feliciores
2488 2407 2629 2459 stu-

734 2509 980 2579 demus.
1068 2509 1144 2577 Id
1178 2527 1333 2576 vero
1389 2523 1462 2574 ut
1500 2508 1650 2576 item
1704 2528 1922 2576 omnes
1969 2508 2252 2576 confessi
2288 2527 2439 2575 sunt
2482 2510 2629 2593 phi-

736 2625 1004 2710 losophi
1069 2624 1375 2710 agendum
1436 2625 1629 2692 nobis
1691 2624 2203 2710 philosophando
2271 2645 2474 2709 esse,
2541 2627 2630 2695 ita

744 2737 857 2827 ciui
906 2743 1034 2810 huc
1078 2762 1203 2810 nos
1242 2741 1619 2810 adducerent
1644 2790 1667 2824 ‚
1712 2743 1894 2828 pauci
1940 2741 2074 2810 fere
2111 2741 2396 2814 suenum.
2483 2747 2642 2822 Plu·¹

740 2857 1043 2928 rimorum
1105 2861 1424 2927 doctrinae
1482 2861 1560 2928 ab
1635 2861 1920 2927 acumine
1981 2860 2214 2946 ingenii
2297 2879 2634 2929 sensuum·

738 2997 871 3062 que
925 2978 1311 3046 sublimitate
1346 2978 1587 3045 laudem
1641 2993 1708 3044 et
1753 2978 2356 3045 commendationem
2397 2980 2633 3046 habue-

732 3108 941 3176 runt,
1003 3093 1083 3159 ad
1127 3094 1297 3159 vitae
1350 3110 1510 3157 vero
1567 3109 1797 3173 usum,
1864 3095 1942 3160 ad
1998 3110 2292 3163 naturam
2347 3111 2626 3165 nostram

737 3208 1217 3295 perficiendam,
1274 3209 1352 3274 ad
1409 3210 1875 3291 provehendum
1927 3213 2175 3294 generis
2223 3215 2480 3283 humani
2533 3213 2627 3284 fe·

736 3328 1033 3397 licitatem
1091 3345 1301 3395 veram
1327 3374 1352 3409 ,
1394 3343 1622 3413 parum
1677 3326 1956 3395 fuerunt-
1984 3329 2375 3399 fructuosae.

1157 3561 1334 3651 Quo
1394 3577 1757 3653 spectat
1821 3569 2206 3636 maxime

940 3679 1180 3768 apud
1230 3679 1701 3749 Platonem
1754 3684 2410 3774 phitosopbia?

811 3917 991 3985 Plato
1052 3916 1215 4003 quid
1268 3916 1798 4004 philosophando
1858 3918 2241 4002 spectaverit
2311 3937 2620 4004 mame,

726 4033 1011 4121 augurari
1070 4035 1353 4122 ιἠτιεηιτη
1404 4035 1650 4124 partem
1711 4055 1760 4106 e
1805 4034 2264 4122 superioribus
2329 4039 2631 4123 disquisi-

1677 4187 1698 4198 -
2526 4158 2648 4225 tio-
