2900 4817
313 662 549 748 flumen
588 668 829 749 attigi:
876 662 935 706 υ)
1005 664 1361 731 Fibfenuu‘t
1400 665 1759 751 significat,
1829 664 2012 749 qu'cm
2052 642 2195 735 curn

329 779 514 845 Ilisso
564 780 847 846 confert.
915 795 1047 846 turn
1108 778 1255 846 v'ero
1303 782 1567 867 'quercus
1611 781 1762 862 illa‚'
1811 802 1973 864 quae
2005 785 2194 849 nobis

330 898 642 979 platanum
686 858 874 961 refert
912 897 1095 980 piane
1138 896 1372 979 patulis
1407 893 1695 961 diffusam
1734 895 1960 979 tannia,
2005 914 2196 980 quam

330 1031 458 1079 non
482 1028 619 1078 tam
649 1013 784 1094 ipsa
822 1015 1010 1096 aquia
1034 1059 1059 1093 ‚
1105 1032 1289 1095 quam
1328 1012 1605 1079 Platonis
1646 1012 1930 1081 oratione
1967 1018 2201 1083 crevis-

328 1148 401 1197 se
449 1130 766 1197 censebat.
801 1129 875 1172 ω
958 1129 1305 1216 Attigirnus
1346 1128 1498 1194 haec
1540 1147 1775 1213 snpra3
1826 1128 1889 1174 (θ
1934 1133 2046 1198 sed
2084 1132 2201 1201 ite-

332 1263 472 1311 rum
537 1243 837 1312 videntur
894 1244 1111 1312 eadem
1175 1260 1239 1309 et
1298 1222 1564 1328 ‘saepius
1615 1250 2149 1317 commemoranda
2176 1297 2198 1330 ‚

333 1378 405 1431 ut
476 1376 544 1431 et
627 1360 1053 1447 intelligamus
1134 1360 1512 1429 Ciceronem
1574 1375 1636 1427 et
1688 1382 1832 1428 cum
1883 1365 2203 1434 doctrinae

328 1478 547 1547 fructu
586 1476 916 1563 legamus,
978 1494 1043 1544 et
1084 1477 1489 1562 proficiamus
1532 1477 1679 1543 item
1737 1479 1814 1545 ab
1864 1482 2083 1547 eodem
2124 1484 2208 1553 ad

330 1596 870 1681 interpretandum
930 1594 1281 1663 Platonem.
1392 1594 1560 1660 Nam
1613 1614 1744 1661 non
1788 1612 1883 1663 est
1922 1598 2208 1682 philoso-

328 1711 451 1799 phi
507 1712 813 1796 interpres
867 1711 1256 1796 probabilis,
1299 1710 1423 1777 nisi
1472 1712 1576 1778 cui
1616 1714 1699 1779 sit
1737 1734 1880 1780 curn
1922 1733 2000 1783 eo
2039 1718 2219 1804 inge·

331 1830 429 1899 nii
505 1831 687 1915 quasi
761 1832 1056 1917 cognatio
1138 1830 1436 1914 quaedam
1471 1878 1496 1912 ‚
1592 1847 1665 1897 ut
1737 1831 1874 1915 ipse
1927 1833 2214 1905 similiter

337 1953 562 2018 natura
606 1965 671 2017 et
732 1947 961 2015 sentiat
991 1963 1055 2015 et
1100 1947 1342 2034 Judicet
1386 1966 1450 2016 et
1482 1948 1573 2015 sic
1619 1951 1757 2036 ejus
1794 1968 2062 2021 mentem
2116 1969 2215 2022 to·

334 2082 592 2150 tamque
637 2065 1111 2153 philosophiam
1167 2066 1532 2149 perspiciat.
1625 2067 1751 2133 Sed
1788 2068 1926 2137 sive
1967 2069 2113 2154 quis
2143 2071 2211 2139 in

214 2274 219 2279 .
334 2184 654 2274 palmariis
718 2184 844 2252 iuis
908 2184 1240 2253 Ciceronis
1299 2183 1556 2266 scriptis
1613 2186 1940 2269 agnoverit
2005 2187 2216 2254 Plato-

336 2303 440 2373 nis
504 2301 799 2389 genium,
885 2300 1021 2373 sive
1073 2318 1145 2367 ea
1211 2319 1354 2366 cum
1426 2301 1684 2385 caeteris
1754 2303 1891 2386 ejus
1957 2286 2211 2386 scriptis

334 2417 745 2501 confuderit,
807 2417 874 2486 id
918 2436 1136 2485 omncs
1189 2417 1507 2485 fateantur
1566 2432 1824 2485 necesse
1879 2435 2028 2504 est,
2073 2426 2218 2490 nui-

332 2540 459 2610 lam
529 2536 863 2609 Ciceronis
927 2535 1333 2603 sententiam·
1369 2548 1435 2603 et
1491 2534 1684 2620 magis
1759 2534 1964 2606 fuisse
2040 2541 2216 2609 omni

339 2673 501 2724 aevo
549 2654 923 2725 celebratam
978 2667 1045 2719 et
1104 2652 1376 2719 indolem
1431 2651 1709 2719 auctoris
1765 2654 2213 2741 philosopham

336 2771 647 2839 declarare
683 2766 1042 2835 evidentius
1063 2813 1087 2843 ‚
1153 2786 1338 2849 quam
1383 2784 1547 2848 quae
1602 2779 1704 2831 est
1751 2766 1818 2832 in
1863 2770 2079 2836 cadem
2143 2771 2221 2838 il·

339 2891 406 2956 la
466 2905 586 2972 pro
634 2884 869 2952 Archia
915 2882 1244 2964 oratione,
1291 2883 1354 2949 in
1411 2882 1556 2967 ipso
1600 2883 1863 2951 exordio
1890 2931 1915 2965 ,
1962 2887 2041 2951 ab
2083 2906 2222 2956 ora-

339 3021 485 3074 tore
538 3003 995 3091 pronunciata:
1039 3000 1270 3068 habere
1322 3015 1499 3068 artes
1526 3047 1549 3079 ‚
1595 3022 1759 3087 quae
1793 2999 1888 3068 ad
1934 3003 2227 3072 humani·

341 3139 538 3193 mm
592 3124 918 3214 pertiuent
935 3167 963 3204 ,
1042 3139 1361 3187 commune
1418 3117 1732 3204 quoddam
1786 3120 2110 3193 vinculum
2161 3138 2225 3190 et

344 3243 532 3331 quasi
590 3242 954 3329 cognatione
1020 3234 1300 3326 quadam
1357 3240 1536 3303 inter
1598 3256 1661 3301 se
1715 3238 2048 3311 contineri.
2132 3237 2224 3308 Et

345 3354 441 3423 sic
494 3352 747 3436 quidem
804 3355 929 3439 jam
1010 3370 1086 3417 eo
1151 3350 1441 3420 venimus
1510 3365 1744 3435 sponte
1771 3397 1799 3434 ‚
1886 3372 2022 3437 quo
2090 3356 2227 3424 ino-

349 3472 438 3540 do
499 3489 622 3553 nos
666 3467 921 3536 memini
988 3466 1392 3534 festinantius
1457 3469 1826 3551 procedere.
1933 3471 2064 3540 Est
2119 3493 2232 3544 au·

350 3604 479 3657 tem
551 3587 703 3654 haec
765 3584 1074 3652 sententia
1138 3584 1193 3649 si
1253 3602 1385 3650 non
1440 3584 1771 3652 enunciata
1821 3606 1858 3653 a
1932 3589 2232 3675 Platone,

354 3721 430 3774 ut
489 3702 849 3773 enunciavit
898 3722 1029 3769 eam
1097 3698 1197 3769 his
1262 3700 1478 3771 verbis
1535 3701 1765 3770 Cicero
1790 3750 1814 3785 ,
1883 3705 1976 3773 sic
2011 3710 2237 3779 'ta'men

359 3825 545 3892 ducta
586 3840 666 3894 ex
715 3821 854 3906 ejus
895 3816 1306 3905 philosophia
1336 3866 1359 3899 ,
1406 3832 1483 3884 ut
1528 3820 1719 3913 'piane
1777 3820 2058 3892 habenda
2099 3824 2241 3895 Pn-

2141 3958 2239 4009 to·

433 4116 520 4191 (ι)
556 4114 722 4187 ιοςς.
756 4116 840 4177 11.
876 4114 927 4169 5.
1013 4114 1092 4186 (ι)
1136 4115 1223 4171 υ.»
1261 4112 1418 4169 orat.
1460 4112 1562 4168 1.1.
1644 4114 1725 4186 (³)
1767 4112 1898 4170 vot.
1937 4117 1983 4171 1.
2017 4134 2076 4186 p.
2115 4118 2234 4193 1³7.
