<?xml version="1.0" encoding="UTF-8"?>
<!DOCTYPE html PUBLIC "-//W3C//DTD XHTML 1.0 Transitional//EN"
    "http://www.w3.org/TR/xhtml1/DTD/xhtml1-transitional.dtd">
<html xmlns="http://www.w3.org/1999/xhtml" xml:lang="en" lang="en">
 <head>
  <title>
</title>
<meta http-equiv="Content-Type" content="text/html;charset=utf-8" />
  <meta name='ocr-system' content='tesseract 3.04.00' />
  <meta name='ocr-capabilities' content='ocr_page ocr_carea ocr_par ocr_line ocrx_word'/>
</head>
<body>
  <div class='ocr_page' id='page_1' title='image "./initiaphilosoph06heusgoog/initiaphilosoph06heusgoog_0486.png"; bbox 0 0 2900 4817; ppageno 0'>
   <div class='ocr_carea' id='block_1_1' title="bbox 1449 458 1800 525">
    <p class='ocr_par' dir='ltr' id='par_1_1' title="bbox 1449 458 1800 525">
     <span class='ocr_line' id='line_1_1' title="bbox 1449 458 1800 525; baseline -0.006 -14"><span class='ocrx_word' id='word_1_1' title='bbox 1449 458 1800 525; x_wconf 58' lang='lat'>-50-2-</span> 
     </span>
    </p>
   </div>
   <div class='ocr_carea' id='block_1_2' title="bbox 613 625 2659 4229">
    <p class='ocr_par' dir='ltr' id='par_1_2' title="bbox 613 625 2659 4229">
     <span class='ocr_line' id='line_1_2' title="bbox 684 625 2577 711; baseline 0.001 -20"><span class='ocrx_word' id='word_1_2' title='bbox 684 628 1162 701; x_wconf 58' lang='lat' dir='ltr'><strong>tinnuerunt</strong></span> <span class='ocrx_word' id='word_1_3' title='bbox 1181 636 1220 709; x_wconf 87' lang='lat'><strong>‚&#39;</strong></span> <span class='ocrx_word' id='word_1_4' title='bbox 1251 633 1321 699; x_wconf 68' lang='grc' dir='ltr'><strong>τὸ</strong></span> <span class='ocrx_word' id='word_1_5' title='bbox 1355 632 1585 709; x_wconf 65' lang='grc' dir='ltr'><strong>ἀγαθὸν</strong></span> <span class='ocrx_word' id='word_1_6' title='bbox 1631 625 1863 707; x_wconf 74' lang='lat' dir='ltr'><strong>unice,</strong></span> <span class='ocrx_word' id='word_1_7' title='bbox 1905 640 2076 694; x_wconf 89' lang='lat' dir='ltr'><strong>certe</strong></span> <span class='ocrx_word' id='word_1_8' title='bbox 2109 627 2374 695; x_wconf 82' lang='lat' dir='ltr'>maxime</span> <span class='ocrx_word' id='word_1_9' title='bbox 2402 647 2577 711; x_wconf 74' lang='lat' dir='ltr'><strong>,pro-</strong></span> 
     </span>
     <span class='ocr_line' id='line_1_3' title="bbox 693 731 2583 830; baseline 0.002 -17"><span class='ocrx_word' id='word_1_10' title='bbox 693 731 914 814; x_wconf 76' lang='lat' dir='ltr'><strong>secuti</strong></span> <span class='ocrx_word' id='word_1_11' title='bbox 949 754 1147 812; x_wconf 74' lang='lat' dir='ltr'><strong>stmtz</strong></span> <span class='ocrx_word' id='word_1_12' title='bbox 1213 744 1389 828; x_wconf 83' lang='lat' dir='ltr'><strong>quod</strong></span> <span class='ocrx_word' id='word_1_13' title='bbox 1449 744 1706 826; x_wconf 82' lang='lat' dir='ltr'><strong>utrique</strong></span> <span class='ocrx_word' id='word_1_14' title='bbox 1759 756 1826 810; x_wconf 87' lang='lat' dir='ltr'><strong>et</strong></span> <span class='ocrx_word' id='word_1_15' title='bbox 1879 743 2100 811; x_wconf 86' lang='lat' dir='ltr'><strong>babitu</strong></span> <span class='ocrx_word' id='word_1_16' title='bbox 2158 746 2583 830; x_wconf 82' lang='lat' dir='ltr'><strong>moribusque</strong></span> 
     </span>
     <span class='ocr_line' id='line_1_4' title="bbox 691 861 2659 949; baseline -0.001 -16"><span class='ocrx_word' id='word_1_17' title='bbox 691 880 756 933; x_wconf 81' lang='lat' dir='ltr'><strong>et</strong></span> <span class='ocrx_word' id='word_1_18' title='bbox 791 884 946 933; x_wconf 82' lang='lat' dir='ltr'><strong>vero</strong></span> <span class='ocrx_word' id='word_1_19' title='bbox 983 862 1230 949; x_wconf 73' lang='lat' dir='ltr'><strong>placitis</strong></span> <span class='ocrx_word' id='word_1_20' title='bbox 1277 862 1739 947; x_wconf 82' lang='lat' dir='ltr'><strong>prodiderunt:</strong></span> <span class='ocrx_word' id='word_1_21' title='bbox 1784 861 2019 946; x_wconf 84' lang='lat' dir='ltr'><strong>Cynici</strong></span> <span class='ocrx_word' id='word_1_22' title='bbox 2059 880 2215 931; x_wconf 89' lang='lat' dir='ltr'><strong>vero</strong></span> <span class='ocrx_word' id='word_1_23' title='bbox 2251 881 2322 928; x_wconf 89' lang='lat' dir='ltr'><strong>ac</strong></span> <span class='ocrx_word' id='word_1_24' title='bbox 2370 862 2579 933; x_wconf 84' lang='lat' dir='ltr'><strong>Stoici</strong></span> <span class='ocrx_word' id='word_1_25' title='bbox 2652 902 2659 911; x_wconf 90' lang='lat'>·</span> 
     </span>
     <span class='ocr_line' id='line_1_5' title="bbox 694 977 2576 1065; baseline 0 -18"><span class='ocrx_word' id='word_1_26' title='bbox 694 984 820 1047; x_wconf 80' lang='lat' dir='ltr'><strong>hoc</strong></span> <span class='ocrx_word' id='word_1_27' title='bbox 865 982 1012 1065; x_wconf 87' lang='lat' dir='ltr'><strong>ipso</strong></span> <span class='ocrx_word' id='word_1_28' title='bbox 1064 995 1132 1049; x_wconf 87' lang='lat' dir='ltr'><strong>et</strong></span> <span class='ocrx_word' id='word_1_29' title='bbox 1175 980 1594 1065; x_wconf 84' lang='lat' dir='ltr'><strong>prodiderunt</strong></span> <span class='ocrx_word' id='word_1_30' title='bbox 1648 994 1713 1045; x_wconf 83' lang='lat' dir='ltr'><strong>et</strong></span> <span class='ocrx_word' id='word_1_31' title='bbox 1758 977 2158 1063; x_wconf 80' lang='lat' dir='ltr'>probarunt,</span> <span class='ocrx_word' id='word_1_32' title='bbox 2201 998 2369 1062; x_wconf 88' lang='lat' dir='ltr'><strong>quae</strong></span> <span class='ocrx_word' id='word_1_33' title='bbox 2406 994 2576 1047; x_wconf 82' lang='lat' dir='ltr'><strong>esset</strong></span> 
     </span>
     <span class='ocr_line' id='line_1_6' title="bbox 692 1095 2582 1182; baseline -0.004 -11"><span class='ocrx_word' id='word_1_34' title='bbox 692 1107 799 1170; x_wconf 68' lang='lat' dir='ltr'><strong>wi}</strong></span> <span class='ocrx_word' id='word_1_35' title='bbox 835 1102 1078 1182; x_wconf 50' lang='lat' dir='ltr'><strong>&amp;aeos</strong></span> <span class='ocrx_word' id='word_1_36' title='bbox 1135 1116 1284 1164; x_wconf 88' lang='lat' dir='ltr'><strong>cum</strong></span> <span class='ocrx_word' id='word_1_37' title='bbox 1339 1095 1733 1177; x_wconf 84' lang='lat' dir='ltr'><strong>virtutibus,</strong></span> <span class='ocrx_word' id='word_1_38' title='bbox 1797 1115 1955 1179; x_wconf 86' lang='lat' dir='ltr'><strong>quas</strong></span> <span class='ocrx_word' id='word_1_39' title='bbox 2006 1096 2266 1181; x_wconf 81' lang='lat' dir='ltr'><strong>Agatho</strong></span> <span class='ocrx_word' id='word_1_40' title='bbox 2305 1097 2582 1165; x_wconf 80' lang='lat' dir='ltr'><strong>celebra-</strong></span> 
     </span>
     <span class='ocr_line' id='line_1_7' title="bbox 693 1212 2579 1307; baseline -0.004 -22"><span class='ocrx_word' id='word_1_41' title='bbox 693 1215 789 1285; x_wconf 76' lang='lat' dir='ltr'><strong>vit</strong></span> <span class='ocrx_word' id='word_1_42' title='bbox 808 1260 834 1297; x_wconf 86' lang='lat'><strong>,</strong></span> <span class='ocrx_word' id='word_1_43' title='bbox 859 1213 1144 1283; x_wconf 65' lang='lat' dir='ltr'><strong>minus</strong></span> <span class='ocrx_word' id='word_1_44' title='bbox 1168 1261 1196 1298; x_wconf 86' lang='lat'>‚</span> <span class='ocrx_word' id='word_1_45' title='bbox 1230 1232 1378 1281; x_wconf 85' lang='lat' dir='ltr'><strong>cum</strong></span> <span class='ocrx_word' id='word_1_46' title='bbox 1405 1213 1714 1298; x_wconf 82' lang='lat' dir='ltr'>sapientia</span> <span class='ocrx_word' id='word_1_47' title='bbox 1736 1261 1762 1295; x_wconf 88' lang='lat'>‚</span> <span class='ocrx_word' id='word_1_48' title='bbox 1783 1212 2162 1281; x_wconf 86' lang='lat' dir='ltr'><strong>fortitudine</strong></span> <span class='ocrx_word' id='word_1_49' title='bbox 2181 1261 2207 1295; x_wconf 88' lang='lat'>‚</span> <span class='ocrx_word' id='word_1_50' title='bbox 2227 1229 2579 1307; x_wconf 57' lang='lat' dir='ltr'><strong>temperan-⁶</strong></span> 
     </span>
     <span class='ocr_line' id='line_1_8' title="bbox 692 1329 2577 1418; baseline 0.004 -22"><span class='ocrx_word' id='word_1_51' title='bbox 692 1330 825 1414; x_wconf 67' lang='lat' dir='ltr'><strong>th,</strong></span> <span class='ocrx_word' id='word_1_52' title='bbox 863 1330 1169 1418; x_wconf 68' lang='lat' dir='ltr'><strong>iustitia,</strong></span> <span class='ocrx_word' id='word_1_53' title='bbox 1213 1332 1607 1414; x_wconf 85' lang='lat' dir='ltr'>omninoque</span> <span class='ocrx_word' id='word_1_54' title='bbox 1656 1350 1806 1397; x_wconf 88' lang='lat' dir='ltr'><strong>cum</strong></span> <span class='ocrx_word' id='word_1_55' title='bbox 1865 1330 2086 1398; x_wconf 84' lang='lat' dir='ltr'><strong>morali</strong></span> <span class='ocrx_word' id='word_1_56' title='bbox 2137 1329 2187 1399; x_wconf 88' lang='lat' dir='ltr'><strong>i.</strong></span> <span class='ocrx_word' id='word_1_57' title='bbox 2224 1349 2287 1399; x_wconf 92' lang='lat' dir='ltr'><strong>e.</strong></span> <span class='ocrx_word' id='word_1_58' title='bbox 2330 1336 2577 1403; x_wconf 68' lang='lat' dir='ltr'><strong>summa</strong></span> 
     </span>
     <span class='ocr_line' id='line_1_9' title="bbox 696 1447 2581 1535; baseline 0 -19"><span class='ocrx_word' id='word_1_59' title='bbox 696 1449 976 1519; x_wconf 77' lang='lat' dir='ltr'><strong>hominis</strong></span> <span class='ocrx_word' id='word_1_60' title='bbox 1026 1447 1423 1535; x_wconf 78' lang='lat' dir='ltr'>perfectione</span> <span class='ocrx_word' id='word_1_61' title='bbox 1482 1447 1853 1534; x_wconf 81' lang='lat' dir='ltr'><strong>conjunctio</strong></span> <span class='ocrx_word' id='word_1_62' title='bbox 1906 1464 1974 1515; x_wconf 88' lang='lat' dir='ltr'><strong>et</strong></span> <span class='ocrx_word' id='word_1_63' title='bbox 2014 1448 2204 1532; x_wconf 80' lang='lat' dir='ltr'><strong>,quasi</strong></span> <span class='ocrx_word' id='word_1_64' title='bbox 2251 1451 2581 1535; x_wconf 66' lang='lat' dir='ltr'><strong>cognatim·</strong></span> 
     </span>
     <span class='ocr_line' id='line_1_10' title="bbox 694 1562 2577 1649; baseline -0.001 -14"><span class='ocrx_word' id='word_1_65' title='bbox 694 1568 954 1638; x_wconf 77' lang='lat' dir='ltr'><strong>Factum</strong></span> <span class='ocrx_word' id='word_1_66' title='bbox 997 1562 1086 1634; x_wconf 75' lang='lat' dir='ltr'><strong>ita</strong></span> <span class='ocrx_word' id='word_1_67' title='bbox 1139 1581 1284 1649; x_wconf 70' lang='lat' dir='ltr'><strong>est,</strong></span> <span class='ocrx_word' id='word_1_68' title='bbox 1346 1581 1420 1633; x_wconf 83' lang='lat' dir='ltr'><strong>ut</strong></span> <span class='ocrx_word' id='word_1_69' title='bbox 1482 1566 1777 1633; x_wconf 77' lang='lat' dir='ltr'><strong>bonum</strong></span> <span class='ocrx_word' id='word_1_70' title='bbox 1833 1566 1939 1631; x_wconf 87' lang='lat' dir='ltr'><strong>illa</strong></span> <span class='ocrx_word' id='word_1_71' title='bbox 1989 1579 2204 1647; x_wconf 87' lang='lat' dir='ltr'><strong>secta,</strong></span> <span class='ocrx_word' id='word_1_72' title='bbox 2266 1585 2387 1632; x_wconf 85' lang='lat' dir='ltr'><strong>nec</strong></span> <span class='ocrx_word' id='word_1_73' title='bbox 2423 1585 2577 1633; x_wconf 84' lang='lat' dir='ltr'><strong>vero</strong></span> 
     </span>
     <span class='ocr_line' id='line_1_11' title="bbox 692 1681 2587 1768; baseline -0.002 -16"><span class='ocrx_word' id='word_1_74' title='bbox 692 1685 800 1752; x_wconf 70' lang='lat' dir='ltr'><strong>in:</strong></span> <span class='ocrx_word' id='word_1_75' title='bbox 840 1698 1124 1766; x_wconf 65' lang='lat' dir='ltr'><strong>tanain,</strong></span> <span class='ocrx_word' id='word_1_76' title='bbox 1171 1685 1284 1751; x_wconf 82' lang='lat' dir='ltr'><strong>sed</strong></span> <span class='ocrx_word' id='word_1_77' title='bbox 1325 1682 1687 1751; x_wconf 79' lang='lat' dir='ltr'><strong>Academici</strong></span> <span class='ocrx_word' id='word_1_78' title='bbox 1730 1681 1966 1766; x_wconf 83' lang='lat' dir='ltr'><strong>pariter</strong></span> <span class='ocrx_word' id='word_1_79' title='bbox 2019 1699 2086 1750; x_wconf 91' lang='lat' dir='ltr'><strong>et</strong></span> <span class='ocrx_word' id='word_1_80' title='bbox 2139 1682 2587 1768; x_wconf 73' lang='lat' dir='ltr'><strong>Peripatetici,</strong></span> 
     </span>
     <span class='ocr_line' id='line_1_12' title="bbox 697 1799 2585 1888; baseline -0.002 -19"><span class='ocrx_word' id='word_1_81' title='bbox 697 1803 829 1869; x_wconf 69' lang='lat' dir='ltr'><strong>imo</strong></span> <span class='ocrx_word' id='word_1_82' title='bbox 891 1819 1046 1868; x_wconf 81' lang='lat' dir='ltr'><strong>vero</strong></span> <span class='ocrx_word' id='word_1_83' title='bbox 1087 1799 1457 1885; x_wconf 75' lang='lat' dir='ltr'><strong>Epicurei,</strong></span> <span class='ocrx_word' id='word_1_84' title='bbox 1520 1799 1637 1883; x_wconf 90' lang='lat' dir='ltr'><strong>qui</strong></span> <span class='ocrx_word' id='word_1_85' title='bbox 1698 1820 1733 1866; x_wconf 89' lang='lat' dir='ltr'><strong>e</strong></span> <span class='ocrx_word' id='word_1_86' title='bbox 1780 1801 2164 1888; x_wconf 80' lang='lat' dir='ltr'><strong>Cyrenaicis</strong></span> <span class='ocrx_word' id='word_1_87' title='bbox 2216 1800 2585 1884; x_wconf 84' lang='lat' dir='ltr'><strong>fluxerunt,</strong></span> 
     </span>
     <span class='ocr_line' id='line_1_13' title="bbox 702 1916 2585 2003; baseline 0.003 -19"><span class='ocrx_word' id='word_1_88' title='bbox 702 1928 923 1985; x_wconf 70' lang='lat' dir='ltr'><strong>omnes</strong></span> <span class='ocrx_word' id='word_1_89' title='bbox 969 1916 1174 2003; x_wconf 78' lang='lat' dir='ltr'><strong>igitur</strong></span> <span class='ocrx_word' id='word_1_90' title='bbox 1223 1931 1442 1984; x_wconf 77' lang='lat' dir='ltr'><strong>sectae</strong></span> <span class='ocrx_word' id='word_1_91' title='bbox 1496 1923 1583 1989; x_wconf 76' lang='grc' dir='ltr'><strong>τὸ</strong></span> <span class='ocrx_word' id='word_1_92' title='bbox 1645 1922 1997 2001; x_wconf 68' lang='grc' dir='ltr'><strong>ἀγαθὸν,</strong></span> <span class='ocrx_word' id='word_1_93' title='bbox 2070 1918 2347 2000; x_wconf 83' lang='lat' dir='ltr'><strong>bonum,</strong></span> <span class='ocrx_word' id='word_1_94' title='bbox 2404 1918 2585 2002; x_wconf 82' lang='lat' dir='ltr'><strong>quod</strong></span> 
     </span>
     <span class='ocr_line' id='line_1_14' title="bbox 702 2033 2585 2121; baseline -0.002 -17"><span class='ocrx_word' id='word_1_95' title='bbox 702 2052 1092 2104; x_wconf 66' lang='lat' dir='ltr'><strong>sumntum</strong></span> <span class='ocrx_word' id='word_1_96' title='bbox 1151 2035 1438 2102; x_wconf 74' lang='lat' dir='ltr'><strong>bonum</strong></span> <span class='ocrx_word' id='word_1_97' title='bbox 1501 2033 1903 2120; x_wconf 77' lang='lat' dir='ltr'><strong>appellabant</strong></span> <span class='ocrx_word' id='word_1_98' title='bbox 1930 2082 1958 2117; x_wconf 85' lang='lat'>,</span> <span class='ocrx_word' id='word_1_99' title='bbox 2002 2034 2453 2121; x_wconf 84' lang='lat' dir='ltr'><strong>philosophiae</strong></span> <span class='ocrx_word' id='word_1_100' title='bbox 2488 2054 2585 2101; x_wconf 87' lang='lat' dir='ltr'><strong>ar·</strong></span> 
     </span>
     <span class='ocr_line' id='line_1_15' title="bbox 705 2136 2587 2240; baseline -0.002 -18"><span class='ocrx_word' id='word_1_101' title='bbox 705 2136 1075 2240; x_wconf 70' lang='lat' dir='ltr'><strong>gumentum</strong></span> <span class='ocrx_word' id='word_1_102' title='bbox 1135 2151 1418 2219; x_wconf 85' lang='lat' dir='ltr'><strong>omnium</strong></span> <span class='ocrx_word' id='word_1_103' title='bbox 1483 2152 1921 2238; x_wconf 84' lang='lat' dir='ltr'><strong>gravissimum</strong></span> <span class='ocrx_word' id='word_1_104' title='bbox 1991 2152 2315 2220; x_wconf 88' lang='lat' dir='ltr'><strong>haberent.</strong></span> <span class='ocrx_word' id='word_1_105' title='bbox 2411 2152 2587 2219; x_wconf 84' lang='lat' dir='ltr'><strong>Haec</strong></span> 
     </span>
     <span class='ocr_line' id='line_1_16' title="bbox 707 2271 2587 2356; baseline -0.001 -17"><span class='ocrx_word' id='word_1_106' title='bbox 707 2271 820 2339; x_wconf 81' lang='lat' dir='ltr'><strong>ubi</strong></span> <span class='ocrx_word' id='word_1_107' title='bbox 879 2271 1419 2356; x_wconf 77' lang='lat' dir='ltr'><strong>reputaverimus,</strong></span> <span class='ocrx_word' id='word_1_108' title='bbox 1479 2288 1635 2336; x_wconf 90' lang='lat' dir='ltr'><strong>non·</strong></span> <span class='ocrx_word' id='word_1_109' title='bbox 1673 2271 2079 2353; x_wconf 82' lang='lat' dir='ltr'><strong>mirabimur,</strong></span> <span class='ocrx_word' id='word_1_110' title='bbox 2147 2271 2340 2338; x_wconf 87' lang='lat' dir='ltr'><strong>credo</strong></span> <span class='ocrx_word' id='word_1_111' title='bbox 2361 2318 2387 2352; x_wconf 88' lang='lat'><strong>,</strong></span> <span class='ocrx_word' id='word_1_112' title='bbox 2449 2271 2587 2338; x_wconf 85' lang='lat' dir='ltr'><strong>Pla·</strong></span> 
     </span>
     <span class='ocr_line' id='line_1_17' title="bbox 705 2389 2587 2470; baseline -0.002 -15"><span class='ocrx_word' id='word_1_113' title='bbox 705 2404 921 2457; x_wconf 76' lang='lat' dir='ltr'><strong>tonem</strong></span> <span class='ocrx_word' id='word_1_114' title='bbox 953 2391 1077 2456; x_wconf 87' lang='lat' dir='ltr'><strong>hoc</strong></span> <span class='ocrx_word' id='word_1_115' title='bbox 1124 2390 1273 2455; x_wconf 82' lang='lat' dir='ltr'><strong>loco</strong></span> <span class='ocrx_word' id='word_1_116' title='bbox 1315 2394 1385 2459; x_wconf 73' lang='grc' dir='ltr'><strong>τὸ</strong></span> <span class='ocrx_word' id='word_1_117' title='bbox 1426 2393 1701 2469; x_wconf 60' lang='lat' dir='ltr'><strong>rimabar,</strong></span> <span class='ocrx_word' id='word_1_118' title='bbox 1759 2389 1917 2470; x_wconf 88' lang='lat' dir='ltr'><strong>quid</strong></span> <span class='ocrx_word' id='word_1_119' title='bbox 1960 2402 2172 2470; x_wconf 85' lang='lat' dir='ltr'><strong>esset,</strong></span> <span class='ocrx_word' id='word_1_120' title='bbox 2220 2401 2398 2454; x_wconf 83' lang='lat' dir='ltr'><strong>tanto</strong></span> <span class='ocrx_word' id='word_1_121' title='bbox 2448 2401 2587 2454; x_wconf 89' lang='lat' dir='ltr'><strong>stu-</strong></span> 
     </span>
     <span class='ocr_line' id='line_1_18' title="bbox 705 2503 2591 2595; baseline -0.003 -21"><span class='ocrx_word' id='word_1_122' title='bbox 705 2505 814 2574; x_wconf 81' lang='lat' dir='ltr'><strong>dio</strong></span> <span class='ocrx_word' id='word_1_123' title='bbox 870 2520 936 2572; x_wconf 91' lang='lat' dir='ltr'><strong>et</strong></span> <span class='ocrx_word' id='word_1_124' title='bbox 1003 2506 1231 2572; x_wconf 84' lang='lat' dir='ltr'><strong>ardore</strong></span> <span class='ocrx_word' id='word_1_125' title='bbox 1298 2503 1734 2586; x_wconf 75' lang='lat' dir='ltr'><strong>quaesivisse,</strong></span> <span class='ocrx_word' id='word_1_126' title='bbox 1801 2505 2199 2587; x_wconf 87' lang='lat' dir='ltr'><strong>eundemque</strong></span> <span class='ocrx_word' id='word_1_127' title='bbox 2268 2523 2467 2586; x_wconf 79' lang='lat' dir='ltr'><strong>quum</strong></span> <span class='ocrx_word' id='word_1_128' title='bbox 2500 2503 2591 2595; x_wconf 30' lang='lat' dir='ltr'><strong>,id</strong></span> 
     </span>
     <span class='ocr_line' id='line_1_19' title="bbox 706 2618 2590 2706; baseline -0.002 -16"><span class='ocrx_word' id='word_1_129' title='bbox 706 2641 1011 2690; x_wconf 76' lang='lat' dir='ltr'><strong>summum</strong></span> <span class='ocrx_word' id='word_1_130' title='bbox 1051 2622 1117 2689; x_wconf 89' lang='lat' dir='ltr'><strong>in</strong></span> <span class='ocrx_word' id='word_1_131' title='bbox 1160 2621 1574 2706; x_wconf 73' lang='lat' dir='ltr'><strong>philosophia</strong></span> <span class='ocrx_word' id='word_1_132' title='bbox 1618 2621 1904 2690; x_wconf 79' lang='lat' dir='ltr'><strong>habitum</strong></span> <span class='ocrx_word' id='word_1_133' title='bbox 1964 2620 2055 2689; x_wconf 89' lang='lat' dir='ltr'><strong>sit</strong></span> <span class='ocrx_word' id='word_1_134' title='bbox 2108 2621 2408 2706; x_wconf 80' lang='lat' dir='ltr'><strong>deinceps</strong></span> <span class='ocrx_word' id='word_1_135' title='bbox 2429 2668 2453 2702; x_wconf 83' lang='lat'><em>‚</em></span> <span class='ocrx_word' id='word_1_136' title='bbox 2496 2618 2590 2687; x_wconf 83' lang='lat' dir='ltr'><strong>ef-</strong></span> 
     </span>
     <span class='ocr_line' id='line_1_20' title="bbox 707 2736 2590 2826; baseline -0.002 -19"><span class='ocrx_word' id='word_1_137' title='bbox 707 2736 916 2813; x_wconf 77' lang='lat' dir='ltr'><strong>fectus</strong></span> <span class='ocrx_word' id='word_1_138' title='bbox 969 2739 1148 2826; x_wconf 82' lang='lat' dir='ltr'><strong>ejus,</strong></span> <span class='ocrx_word' id='word_1_139' title='bbox 1214 2758 1380 2821; x_wconf 87' lang='lat' dir='ltr'><strong>quos</strong></span> <span class='ocrx_word' id='word_1_140' title='bbox 1441 2742 1650 2820; x_wconf 71' lang='grc' dir='ltr'><strong><em>τόκους</em></strong></span> <span class='ocrx_word' id='word_1_141' title='bbox 1712 2753 1899 2806; x_wconf 86' lang='lat' dir='ltr'><strong>vocat</strong></span> <span class='ocrx_word' id='word_1_142' title='bbox 1928 2785 1952 2821; x_wconf 90' lang='lat'>‚</span> <span class='ocrx_word' id='word_1_143' title='bbox 2011 2757 2143 2806; x_wconf 92' lang='lat' dir='ltr'><strong>non</strong></span> <span class='ocrx_word' id='word_1_144' title='bbox 2180 2756 2336 2804; x_wconf 88' lang='lat' dir='ltr'><strong>vero</strong></span> <span class='ocrx_word' id='word_1_145' title='bbox 2378 2738 2590 2821; x_wconf 87' lang='lat' dir='ltr'><strong>ipsum</strong></span> 
     </span>
     <span class='ocr_line' id='line_1_21' title="bbox 707 2850 2590 2938; baseline -0.002 -16"><span class='ocrx_word' id='word_1_146' title='bbox 707 2854 1064 2922; x_wconf 83' lang='lat' dir='ltr'><strong>describere</strong></span> <span class='ocrx_word' id='word_1_147' title='bbox 1103 2850 1509 2921; x_wconf 76' lang='lat' dir='ltr'><strong>sustinuisse.</strong></span> <span class='ocrx_word' id='word_1_148' title='bbox 1598 2854 1726 2922; x_wconf 86' lang='lat' dir='ltr'><strong>Sed</strong></span> <span class='ocrx_word' id='word_1_149' title='bbox 1765 2853 2086 2938; x_wconf 83' lang='lat' dir='ltr'><strong>pertinent</strong></span> <span class='ocrx_word' id='word_1_150' title='bbox 2120 2855 2275 2920; x_wconf 84' lang='lat' dir='ltr'><strong>haec</strong></span> <span class='ocrx_word' id='word_1_151' title='bbox 2322 2872 2400 2921; x_wconf 89' lang='lat' dir='ltr'><strong>eo</strong></span> <span class='ocrx_word' id='word_1_152' title='bbox 2423 2901 2447 2932; x_wconf 86' lang='lat'>‚</span> <span class='ocrx_word' id='word_1_153' title='bbox 2474 2869 2590 2935; x_wconf 86' lang='lat' dir='ltr'><strong>ut,</strong></span> 
     </span>
     <span class='ocr_line' id='line_1_22' title="bbox 613 2969 2590 3058; baseline 0 -21"><span class='ocrx_word' id='word_1_154' title='bbox 613 2980 616 2985; x_wconf 80' lang='grc'><strong>’</strong></span> <span class='ocrx_word' id='word_1_155' title='bbox 713 2974 868 3055; x_wconf 80' lang='lat' dir='ltr'><strong>quid</strong></span> <span class='ocrx_word' id='word_1_156' title='bbox 920 2973 1302 3058; x_wconf 83' lang='lat' dir='ltr'><strong>spectaverit</strong></span> <span class='ocrx_word' id='word_1_157' title='bbox 1355 2972 1626 3039; x_wconf 81' lang='lat' dir='ltr'><strong>maxime</strong></span> <span class='ocrx_word' id='word_1_158' title='bbox 1665 2971 1920 3057; x_wconf 80' lang='lat' dir='ltr'><strong>sublimi</strong></span> <span class='ocrx_word' id='word_1_159' title='bbox 1976 2973 2090 3038; x_wconf 88' lang='lat' dir='ltr'><strong>hac</strong></span> <span class='ocrx_word' id='word_1_160' title='bbox 2143 2969 2590 3054; x_wconf 85' lang='lat' dir='ltr'><strong>disquisitione</strong></span> 
     </span>
     <span class='ocr_line' id='line_1_23' title="bbox 711 3086 2590 3173; baseline -0.001 -17"><span class='ocrx_word' id='word_1_161' title='bbox 711 3091 935 3173; x_wconf 79' lang='lat' dir='ltr'><strong>Plato,</strong></span> <span class='ocrx_word' id='word_1_162' title='bbox 994 3103 1392 3157; x_wconf 81' lang='lat' dir='ltr'><strong>autumemus</strong></span> <span class='ocrx_word' id='word_1_163' title='bbox 1442 3090 1911 3172; x_wconf 85' lang='lat' dir='ltr'><strong>quodammodo</strong></span> <span class='ocrx_word' id='word_1_164' title='bbox 1963 3102 2029 3156; x_wconf 92' lang='lat' dir='ltr'><strong>et</strong></span> <span class='ocrx_word' id='word_1_165' title='bbox 2079 3086 2539 3173; x_wconf 85' lang='lat' dir='ltr'><strong>praesagiamus</strong></span> <span class='ocrx_word' id='word_1_166' title='bbox 2563 3134 2590 3169; x_wconf 87' lang='lat'>‚</span> 
     </span>
     <span class='ocr_line' id='line_1_24' title="bbox 715 3192 2061 3285; baseline -0.001 -10"><span class='ocrx_word' id='word_1_167' title='bbox 715 3211 794 3275; x_wconf 83' lang='lat' dir='ltr'><strong>ad</strong></span> <span class='ocrx_word' id='word_1_168' title='bbox 840 3209 1259 3276; x_wconf 82' lang='lat' dir='ltr'><strong>declarandam</strong></span> <span class='ocrx_word' id='word_1_169' title='bbox 1300 3226 1430 3274; x_wconf 86' lang='lat' dir='ltr'><strong>eam</strong></span> <span class='ocrx_word' id='word_1_170' title='bbox 1473 3208 1624 3274; x_wconf 88' lang='lat' dir='ltr'><strong>haec</strong></span> <span class='ocrx_word' id='word_1_171' title='bbox 1662 3218 2018 3285; x_wconf 67' lang='lat' dir='ltr'><strong>teneantur,</strong></span> <span class='ocrx_word' id='word_1_172' title='bbox 2058 3192 2061 3195; x_wconf 40' lang='lat'><em>⁷</em></span> 
     </span>
     <span class='ocr_line' id='line_1_25' title="bbox 800 3320 2597 3412; baseline -0.003 -19"><span class='ocrx_word' id='word_1_173' title='bbox 800 3326 1189 3412; x_wconf 81' lang='lat' dir='ltr'><strong>Quaerentes</strong></span> <span class='ocrx_word' id='word_1_174' title='bbox 1251 3324 1554 3392; x_wconf 75' lang='lat' dir='ltr'><strong>Socratici</strong></span> <span class='ocrx_word' id='word_1_175' title='bbox 1600 3325 1683 3393; x_wconf 90' lang='lat' dir='ltr'><strong>de</strong></span> <span class='ocrx_word' id='word_1_176' title='bbox 1732 3325 1979 3407; x_wconf 87' lang='lat' dir='ltr'><strong>pulcro.</strong></span> <span class='ocrx_word' id='word_1_177' title='bbox 2019 3337 2082 3388; x_wconf 89' lang='lat' dir='ltr'><strong>et</strong></span> <span class='ocrx_word' id='word_1_178' title='bbox 2135 3322 2361 3404; x_wconf 85' lang='lat' dir='ltr'><strong>bono,</strong></span> <span class='ocrx_word' id='word_1_179' title='bbox 2405 3320 2597 3388; x_wconf 86' lang='lat' dir='ltr'><strong>mori·</strong></span> 
     </span>
     <span class='ocr_line' id='line_1_26' title="bbox 659 3436 2593 3524; baseline 0 -17"><span class='ocrx_word' id='word_1_180' title='bbox 659 3436 672 3445; x_wconf 81' lang='grc'><strong><em>’</em></strong></span> <span class='ocrx_word' id='word_1_181' title='bbox 714 3443 841 3508; x_wconf 83' lang='lat' dir='ltr'><strong>bus</strong></span> <span class='ocrx_word' id='word_1_182' title='bbox 897 3443 1186 3509; x_wconf 84' lang='lat' dir='ltr'><strong>solebant</strong></span> <span class='ocrx_word' id='word_1_183' title='bbox 1208 3488 1232 3523; x_wconf 88' lang='lat'><strong>‚</strong></span> <span class='ocrx_word' id='word_1_184' title='bbox 1295 3438 1575 3524; x_wconf 76' lang='lat' dir='ltr'><strong>magistri</strong></span> <span class='ocrx_word' id='word_1_185' title='bbox 1614 3441 1721 3506; x_wconf 89' lang='lat' dir='ltr'><strong>sui</strong></span> <span class='ocrx_word' id='word_1_186' title='bbox 1762 3439 1959 3506; x_wconf 86' lang='lat' dir='ltr'><strong>instar</strong></span> <span class='ocrx_word' id='word_1_187' title='bbox 1982 3487 2006 3521; x_wconf 84' lang='lat'>‚</span> <span class='ocrx_word' id='word_1_188' title='bbox 2069 3440 2475 3524; x_wconf 85' lang='lat' dir='ltr'><strong>prospicere,</strong></span> <span class='ocrx_word' id='word_1_189' title='bbox 2518 3451 2593 3506; x_wconf 87' lang='lat' dir='ltr'><strong>ut</strong></span> 
     </span>
     <span class='ocr_line' id='line_1_27' title="bbox 716 3554 2593 3642; baseline 0 -17"><span class='ocrx_word' id='word_1_190' title='bbox 716 3572 782 3625; x_wconf 85' lang='lat' dir='ltr'><strong>et</strong></span> <span class='ocrx_word' id='word_1_191' title='bbox 843 3576 998 3624; x_wconf 83' lang='lat' dir='ltr'><strong>suos</strong></span> <span class='ocrx_word' id='word_1_192' title='bbox 1063 3559 1462 3625; x_wconf 79' lang='lat' dir='ltr'><strong>emendarent</strong></span> <span class='ocrx_word' id='word_1_193' title='bbox 1521 3572 1584 3622; x_wconf 80' lang='lat' dir='ltr'><strong>et</strong></span> <span class='ocrx_word' id='word_1_194' title='bbox 1622 3556 1893 3625; x_wconf 80' lang='lat' dir='ltr'><strong>aliorum</strong></span> <span class='ocrx_word' id='word_1_195' title='bbox 1932 3556 2275 3642; x_wconf 83' lang='lat' dir='ltr'><strong>ipsiusque</strong></span> <span class='ocrx_word' id='word_1_196' title='bbox 2324 3554 2593 3625; x_wconf 77' lang='lat' dir='ltr'><strong>civitatis</strong></span> 
     </span>
     <span class='ocr_line' id='line_1_28' title="bbox 713 3673 2599 3761; baseline 0.002 -22"><span class='ocrx_word' id='word_1_197' title='bbox 713 3689 842 3739; x_wconf 79' lang='lat' dir='ltr'><strong>tam</strong></span> <span class='ocrx_word' id='word_1_198' title='bbox 900 3692 1111 3741; x_wconf 87' lang='lat' dir='ltr'><strong>mores</strong></span> <span class='ocrx_word' id='word_1_199' title='bbox 1173 3692 1361 3758; x_wconf 84' lang='lat' dir='ltr'><strong>quam</strong></span> <span class='ocrx_word' id='word_1_200' title='bbox 1419 3676 1595 3761; x_wconf 78' lang='lat' dir='ltr'><strong>leges</strong></span> <span class='ocrx_word' id='word_1_201' title='bbox 1651 3673 1730 3740; x_wconf 78' lang='lat' dir='ltr'><strong>ad</strong></span> <span class='ocrx_word' id='word_1_202' title='bbox 1792 3674 2146 3741; x_wconf 84' lang='lat' dir='ltr'><strong>honestatis</strong></span> <span class='ocrx_word' id='word_1_203' title='bbox 2214 3675 2599 3759; x_wconf 77' lang='lat' dir='ltr'><strong>virtutisque</strong></span> 
     </span>
     <span class='ocr_line' id='line_1_29' title="bbox 715 3789 2601 3876; baseline 0.004 -18"><span class='ocrx_word' id='word_1_204' title='bbox 715 3808 786 3858; x_wconf 80' lang='lat' dir='ltr'><strong>ac</strong></span> <span class='ocrx_word' id='word_1_205' title='bbox 848 3789 1132 3876; x_wconf 85' lang='lat' dir='ltr'><strong>justitiae</strong></span> <span class='ocrx_word' id='word_1_206' title='bbox 1194 3806 1475 3859; x_wconf 84' lang='lat' dir='ltr'><strong>normam</strong></span> <span class='ocrx_word' id='word_1_207' title='bbox 1521 3805 1999 3875; x_wconf 85' lang='lat' dir='ltr'><strong>componerent.</strong></span> <span class='ocrx_word' id='word_1_208' title='bbox 2111 3790 2408 3860; x_wconf 77' lang='lat' dir='ltr'><strong>Similiter</strong></span> <span class='ocrx_word' id='word_1_209' title='bbox 2461 3792 2601 3865; x_wconf 69' lang='lat' dir='ltr'><strong>Pla-r</strong></span> 
     </span>
     <span class='ocr_line' id='line_1_30' title="bbox 712 3907 2602 3996; baseline 0 -21"><span class='ocrx_word' id='word_1_210' title='bbox 712 3923 833 3988; x_wconf 83' lang='lat' dir='ltr'><strong>to;</strong></span> <span class='ocrx_word' id='word_1_211' title='bbox 881 3907 991 3973; x_wconf 89' lang='lat' dir='ltr'><strong>sed</strong></span> <span class='ocrx_word' id='word_1_212' title='bbox 1049 3907 1105 3974; x_wconf 91' lang='lat' dir='ltr'><strong>is</strong></span> <span class='ocrx_word' id='word_1_213' title='bbox 1161 3927 1357 3990; x_wconf 88' lang='lat' dir='ltr'><strong>quum</strong></span> <span class='ocrx_word' id='word_1_214' title='bbox 1412 3909 1924 3996; x_wconf 88' lang='lat' dir='ltr'><strong>philosophando</strong></span> <span class='ocrx_word' id='word_1_215' title='bbox 1971 3929 2193 3978; x_wconf 86' lang='lat' dir='ltr'><strong>verum</strong></span> <span class='ocrx_word' id='word_1_216' title='bbox 2258 3909 2602 3996; x_wconf 69' lang='lat' dir='ltr'><strong>respiceret</strong></span> 
     </span>
     <span class='ocr_line' id='line_1_31' title="bbox 708 4023 2604 4115; baseline 0.003 -22"><span class='ocrx_word' id='word_1_217' title='bbox 708 4024 1020 4093; x_wconf 66' lang='lat' dir='ltr'><strong>oonthiuo</strong></span> <span class='ocrx_word' id='word_1_218' title='bbox 1057 4039 1126 4093; x_wconf 81' lang='lat' dir='ltr'><strong>et</strong></span> <span class='ocrx_word' id='word_1_219' title='bbox 1182 4024 1307 4093; x_wconf 83' lang='lat' dir='ltr'><strong>hoc</strong></span> <span class='ocrx_word' id='word_1_220' title='bbox 1344 4023 1590 4095; x_wconf 76' lang='lat' dir='ltr'><strong>homini</strong></span> <span class='ocrx_word' id='word_1_221' title='bbox 1636 4025 1706 4095; x_wconf 87' lang='lat' dir='ltr'><strong>in</strong></span> <span class='ocrx_word' id='word_1_222' title='bbox 1739 4027 1921 4098; x_wconf 82' lang='lat' dir='ltr'><strong>omni</strong></span> <span class='ocrx_word' id='word_1_223' title='bbox 1960 4027 2128 4113; x_wconf 65' lang='lat' dir='ltr'><strong>vitae</strong></span> <span class='ocrx_word' id='word_1_224' title='bbox 2184 4026 2451 4115; x_wconf 79' lang='lat' dir='ltr'><strong>negotio</strong></span> <span class='ocrx_word' id='word_1_225' title='bbox 2492 4044 2604 4099; x_wconf 74' lang='lat' dir='ltr'><strong>ex-</strong></span> 
     </span>
     <span class='ocr_line' id='line_1_32' title="bbox 2474 4162 2608 4229; baseline 0 0"><span class='ocrx_word' id='word_1_226' title='bbox 2474 4162 2608 4229; x_wconf 77' lang='lat' dir='ltr'><strong>Pn-</strong></span> 
     </span>
    </p>
   </div>
  </div>
 </body>
</html>
