2900 4817
1475 465 1565 482 —-
1611 449 1868 513 ¹4⁰—

728 609 896 696 tpud
951 628 1094 680 eum
1157 627 1478 678 sermones
1532 611 1866 694 profluunt
1890 660 1917 695 ,
1980 614 2045 681 i‘n
2122 630 2405 683 neutram
2457 637 2605 703 par·

721 740 850 793 tem
903 725 1221 811 insignes:
1303 742 1423 790 nec
1484 740 1702 810 crepat
1769 728 1981 796 ubivis
2038 730 2212 798 vitae
2266 734 2603 801 austerita-

719 853 890 920 tem,
934 853 1007 905 ut
1050 838 1369 923 propriam
1413 840 1633 905 virtuti
1666 885 1686 920 2
1712 860 1827 908 nec
1859 861 2015 910 vero
2057 846 2306 914 levitate
2334 847 2477 932 ipse
2523 868 2621 916 ac·

717 956 1062 1041 petulantia
1122 958 1445 1023 exsultans
1505 956 1773 1040 comici,
1840 959 1904 1026 id
1944 963 2283 1028 committit
2341 963 2407 1029 in
2465 985 2608 1031 mo-

718 1073 894 1140 ribus
920 1073 1467 1158 opinionibusque
1506 1076 1927 1160 exagitandis,
1967 1079 2145 1160 quod
2179 1078 2314 1146 fere
2342 1082 2604 1148 commi·

716 1189 806 1258 sit
880 1190 1244 1270 Lucianus,
1313 1204 1385 1257 ut
1456 1209 1537 1257 ne
1596 1190 1722 1256 illis
1782 1193 1966 1259 etiam
2024 1210 2356 1279 parceret,
2436 1217 2601 1282 quae

709 1327 857 1376 cum
915 1308 1210 1375 sensibus
1251 1322 1467 1375 essent
1509 1309 1774 1375 excelsis
1817 1312 2138 1395 rebusque
2171 1314 2403 1381 sanctis
2440 1333 2597 1381 con-

703 1427 948 1513 juncta.
1039 1427 1375 1508 Socrates,
1421 1441 1494 1492 ut
1531 1426 1750 1512 paucis
1814 1427 2013 1493 dicam
2043 1475 2067 1509 ,
2115 1428 2180 1495 in
2222 1432 2359 1515 ejus
2398 1430 2598 1497 dialo-

715 1544 814 1629 gis
865 1557 1076 1629 partes
1124 1543 1356 1623 habet,
1414 1561 1546 1608 non
1592 1543 1972 1628 Menippus.
2064 1545 2303 1612 Orcum
2358 1547 2597 1616 Lucia·

718 1680 844 1728 nus
891 1674 1095 1728 totum
1161 1673 1226 1725 et
1269 1656 1515 1726 fabulas
1555 1661 1635 1727 de
1702 1661 1822 1728 diis
1875 1675 1940 1727 et
1989 1662 2294 1729 heroibus
2330 1663 2424 1731 sic
2479 1684 2602 1731 no-

716 1751 818 1846 bis
895 1776 1279 1863 proposuit,
1342 1791 1414 1842 ut
1470 1779 1676 1862 legere
1724 1777 1912 1844 nobis
1961 1782 2213 1864 poetam
2279 1782 2594 1850 comicum

716 1897 1082 1976 vndeamur,
1142 1914 1211 1962 ac
1254 1894 1564 1960 rideamus
1620 1885 1998 1976 identidem,
2056 1909 2128 1961 ut
2169 1896 2347 1981 plebs
2396 1898 2597 1966 ridere

714 2012 1195 2083 Atheniensium
1236 2012 1479 2077 solebat
1509 2059 1533 2092 ,
1577 2013 1935 2079 comoedias
1973 2029 2291 2098 spectans.
2349 2015 2593 2100 Tangit

717 2132 964 2199 easdem
1019 2129 1265 2197 fabulas
1314 2130 1545 2211 Plato,
1609 2145 1678 2195 ut
1736 2130 2031 2204 mod0,in
2090 2130 2333 2217 Gorgia
2396 2107 2595 2199 dialo-

718 2269 800 2337 go
866 2250 1185 2329 vidimus,
1229 2263 1292 2315 et
1331 2267 1485 2314 vero
1525 2248 2156 2316 celebmtissimorum
2206 2249 2271 2315 in
2314 2248 2594 2333 republi-

716 2385 789 2433 ca
831 2365 1111 2432 virorum
1152 2364 1418 2446 ineptias
1477 2363 1784 2448 exagitat3
1831 2364 1944 2430 sed
2004 2365 2096 2431 sic
2156 2363 2304 2433 facit
2348 2382 2591 2434 utrum·

717 2502 884 2567 que,
965 2496 1038 2548 ut
1102 2483 1404 2563 prodesse
1454 2480 1756 2564 civibus,
1821 2482 2097 2549 Socratis
2166 2484 2414 2566 instar,
2456 2503 2588 2552 non

716 2602 1005 2687 placere,
1063 2615 1192 2663 non
1249 2596 1618 2682 gratificari,
1683 2617 1813 2664 non
1874 2598 2072 2666 risum
2135 2619 2394 2668 movere
2449 2618 2590 2669 stu·

599 2795 608 2800 „
714 2718 882 2785 deat.
972 2715 1285 2784 Absurdis
1334 2714 1585 2782 fabellis
1631 2715 1946 2783 meliorem
2008 2717 2342 2785 substituit
2399 2718 2588 2786 simul

723 2835 804 2903 de
862 2833 1080 2902 inferis
1143 2833 1491 2917 divinique
1562 2837 1785 2901 natura
1838 2835 2233 2918 doctrinam,
2317 2838 2385 2903 in
2441 2856 2588 2922 per-

711 2953 1096 3040 stringendis
1124 2965 1330 3019 autem
1359 2950 1512 3018 viris
1561 2951 1892 3036 praeclaris
1938 2953 2104 3020 haud
2159 2934 2403 3037 spectat
2444 2953 2590 3022 uni·

715 3089 835 3152 ce,
905 3072 1078 3153 quod
1126 3069 1543 3137 comicorum,
1571 3083 1669 3134 est
1693 3116 1718 3150 ,
1762 3068 2021 3136 ridendo
2056 3068 2262 3136 dicere
2310 3090 2529 3136 verum
2554 3118 2580 3152 ,

718 3188 834 3256 sed
885 3191 1020 3255 veri
1055 3187 1384 3272 justique,
1428 3186 1542 3252 sed
1581 3185 1781 3252 sancti
1807 3234 1831 3269 ,
1876 3187 1941 3252 in
1985 3187 2130 3270 ipsa
2164 3188 2366 3256 ironia
2403 3179 2585 3256 caus·

716 3325 849 3374 sam
906 3320 972 3373 et
1035 3303 1448 3390 patrocinium
1482 3309 1728 3370 tuetur.
1835 3304 2002 3370 Nam
2067 3303 2268 3372 ironia
2305 3304 2592 3373 domina·

720 3437 826 3492 tur
876 3423 943 3490 in
980 3427 1117 3510 ejus
1177 3420 1441 3506 dialogis
1485 3419 1836 3503 Socratica,
1880 3439 2011 3488 non
2061 3422 2286 3488 comici
2338 3436 2586 3508 proter·

712 3541 879 3608 vitas
925 3554 1033 3606 aut
1066 3537 1501 3606 contumacia:
1550 3537 1744 3605 risum
1796 3538 1984 3605 nobis
2029 3540 2258 3606 excitat
2280 3539 2444 3605 inter
2494 3543 2585 3609 le·

713 3659 988 3746 gendum
1009 3657 1363 3739 Lucianus,
1409 3656 1578 3722 haud
1614 3674 1799 3723 secus
1837 3673 2029 3741 atque
2066 3657 2533 3741 Aristophanes
2553 3675 2579 3725 e

712 3777 778 3848 in
814 3776 1078 3843 Platone
1124 3763 1389 3860 legendo
1430 3772 1856 3843 subridemus·

792 3894 917 3965 Est
939 3891 1135 3980 igitur
1169 3890 1284 3958 alia
1320 3891 1618 3980 quaedam
1640 3892 1959 3976 longeque
1991 3892 2071 3959 ab
2097 3891 2474 3961 Aristotelis
2510 3908 2577 3961 et

710 4011 979 4085 Luciani
997 4009 1237 4079 ratione
1253 4007 1508 4077 diversa
1524 4007 1832 4081 Platonici
1855 4009 2091 4096 dialogi
2109 4026 2353 4081 natura.
2388 4011 2587 4099 Quod

2471 4144 2586 4194 au·
