2900 4817
1408 461 1691 509 ——ma
1731 469 1825 495 --

681 624 844 692 idem
911 623 1016 692 hic
1073 626 1356 709 dlalogus
1419 636 1567 703 est,
1653 634 2048 706 quantopere
2098 618 2176 685 ad
2230 636 2359 685 rem
2417 637 2549 686 non

683 745 896 816 solum
932 742 1255 840 jucunde,
1337 740 1453 810 sed
1506 739 1771 805 interius
1829 737 2012 803 etiam
2066 735 2554 821 exquirendam,

681 862 893 926 eadem
954 859 1055 926 illa
1103 858 1260 954 ratio
1306 860 1533 925 valeat.
1621 856 1786 923 Nam
1808 903 1832 938 ,
1877 871 2212 939 postquam
2264 855 2556 923 convivis

684 976 959 1061 placuit=
1019 1011 1117 1032 -—
1181 993 1309 1042 rem
1359 993 1552 1059 supra
1620 973 2083 1056 enarravimuS,
2145 973 2251 1039 hle
2301 987 2554 1056 autem,

669 1097 919 1180 ‘opinor
942 1123 968 1177 ,-
1052 1093 1414 1161 meminisse
1485 1090 1773 1178 juvabit:
1839 1127 1936 1146 —
1996 1091 2282 1160 convivis
2362 1092 2561 1180 igitur

668 1225 1031 1295 -postquam
1089 1209 1385 1278 omnibus
1445 1209 1721 1292 placuit,
1793 1221 1867 1274 ut
1928 1206 2046 1276 sui
2102 1208 2379 1293 quisque
2422 1211 2562 1280 vice

676 1346 957 1398 :amorem
1015 1325 1356 1396 celebraret
1380 1372 1404 1406 ,
1490 1324 1689 1409 prima
1747 1324 1949 1392 oratio
1971 1374 1997 1408 ‚
2081 1346 2241 1409 quae
2306 1325 2564 1396 Phaedri

684 1460 790 1514 ωε
814 1493 838 1528 ,
900 1445 970 1514 in
1025 1444 1297 1513 medium
1357 1461 1480 1509 nos
1537 1459 1970 1528 argumentum
2019 1444 2287 1510 traducit
2327 1461 2559 1514 extem-

692 1564 834 1646 plo.
919 1562 1294 1632 Encomium
1344 1561 1508 1628 enim
1556 1560 1784 1628 amoris
1836 1573 1974 1640 est,
2022 1580 2152 1644 quo
2202 1576 2339 1630 tum
2377 1565 2559 1631 dotes

690 1679 839 1748 Dei,
872 1680 1241 1760 laudantur,
1329 1692 1466 1748 tum
1533 1678 1735 1761 ipsius
1806 1681 2034 1746 amoris
2096 1679 2441 1748 celebratur
2495 1681 2562 1750 in

674 1796 882 1868 ,rebus
934 1794 1221 1866 humanis
1276 1792 1375 1862 vis
1431 1807 1498 1861 et
1543 1794 1909 1861 auctoritas.
1996 1796 2126 1862 Hic
2183 1797 2561 1881 Pausanias,

674 1933 859 1998 -quae
891 1913 1200 1997 praeclare
1226 1956 1248 1992 ,
1294 1909 1404 1977 sed
1454 1927 1586 1980 non
1625 1909 1776 1976 satis
1820 1898 2121 1982 distincte
2147 1912 2312 1980 dicta
2346 1931 2557 1997 erant,

664 2030 1007 2102 ,cernendo
1054 2029 1265 2114 aptius
1290 2021 1298 2028 ’
1323 2028 1701 2111 pleniusque
1757 2028 2074 2098 enunciat.
2162 2029 2343 2118 Quae
2372 2033 2569 2101 Phae·

682 2149 844 2220 drus
891 2146 1051 2215 dixit
1071 2192 1096 2228 ,
1166 2145 1377 2228 inquit
1398 2192 1423 2226 ,
1505 2144 1645 2212 sine
1698 2145 2072 2228 exceptione
2118 2148 2418 2217 laudanda
2463 2168 2566 2218 es-

690 2280 879 2346 sent,
923 2265 980 2332 si
1021 2282 1189 2332 unus
1252 2276 1421 2330 esset
1477 2257 1695 2328 amora
1741 2282 1959 2330 verum
1997 2265 2158 2332 enim
2191 2313 2214 2346 ‚
2251 2285 2393 2336 cum
2435 2269 2566 2335 duo

686 2382 822 2457 sint
847 2429 873 2466 ,
918 2396 991 2450 ut
1042 2383 1202 2456 duae
1249 2395 1399 2448 sunt
1446 2378 1732 2446 Veneres
1750 2427 1775 2461 ,
1839 2381 1994 2449 alter
2044 2382 2364 2465 Ura-nius,
2429 2387 2568 2453 vul-

678 2498 863 2584 'garis
924 2501 1123 2579 alter,
1210 2497 1668 2582 distinguamus
1724 2497 1850 2563 hos
1902 2513 2156 2581 oportet
2206 2501 2562 2586 diligenter.

694 2616 1213 2703 Qua·Pausanias
1273 2615 1699 2700 distinguendi
1743 2614 2064 2700 diligentia
2115 2618 2248 2683 veri
2293 2622 2564 2704 amoris,

693 2753 883 2818 quem
941 2748 1305 2819 respexerat
1365 2734 1680 2801 Phaedrus
1703 2780 1730 2815 ,
1812 2731 1943 2800 vim
2017 2750 2082 2799 et
2146 2734 2566 2806 efficacitatem

670 2866 893 2920 -totam
934 2852 1182 2920 demum
1212 2852 1290 2924 ‚in
1325 2853 1530 2918 lucem
1566 2848 1841 2934 profert.
1929 2849 2100 2916 Tum
2149 2870 2301 2919 vero
2337 2854 2572 2940 Eryxi-

678 2970 998 3051 ‘macbus,
1080 2969 1376 3036 cernendi
1431 2969 1557 3038 hoe
1600 2968 1880 3036 studium
1929 2983 1993 3034 et
2047 2970 2326 3052 probans
2384 2976 2573 3041 vehe-

695 3103 938 3158 menter
1005 3101 1069 3152 et
1124 3086 1264 3170 ipse
1316 3102 1681 3169 usurpanS,
1766 3098 2112 3168 utrumque
2167 3106 2438 3158 amorem
2501 3091 2576 3159 in

673 3209 833 3274 -tota
894 3222 1103 3270 rerum
1155 3207 1377 3271 natura
1429 3203 1857 3285 omnibusque
1905 3201 1971 3267 in
2010 3202 2247 3272 artibus
2289 3224 2574 3278 accurate

692 3321 1053 3405 distinguit.
1142 3321 1218 3390 In
1273 3320 1375 3386 his
1441 3321 1754 3407 singulis,
1800 3339 1987 3388 nemo
2044 3338 2192 3404 est,
2231 3324 2387 3406 quin
2425 3345 2572 3395 ana·

691 3438 939 3521 lyticam
1000 3438 1304 3504 rationem
1360 3452 1591 3522 sponte
1653 3437 2144 3506 animadvertat:
2208 3455 2417 3524 aptam
2458 3463 2570 3512 au-

674 3567 815 3624 tem
871 3554 1029 3622 hanc
1076 3573 1226 3623 esse
1264 3554 1664 3639 potissimum
1710 3556 1790 3624 ad
1831 3572 1935 3621 res
1973 3553 2235 3622 interius
2277 3558 2569 3645 indagan-

688 3668 799 3742 das
855 3670 1381 3756 explicandasque
1399 3718 1423 3753 ,
1467 3672 1754 3756 proxima
1810 3671 2110 3757 probant.
2193 3674 2572 3759 Aristopha-

688 3787 789 3854 nis
847 3785 1015 3854 enim
1065 3807 1318 3870 serm0,
1362 3786 1917 3871 utmeminimus,
1961 3789 2375 3882 inprimisque
2406 3811 2576 3876 quae

670 3908 981 3974 -Soerates
1053 3908 1300 3978 tandem
1370 3907 1664 3992 profert,
1749 3909 1949 3994 ipsam
2005 3923 2296 3993 spectant
2333 3913 2574 3984 nmnrb

670 4040 986 4098 naturam.
1094 4023 1406 4100 Hmine-
1464 4024 1799 4114 distinam
1855 4024 2189 4113 comiciis,
2221 4029 2368 4117 qui
2414 4031 2566 4105 olim

1619 4185 1626 4194 -
1705 4147 1713 4155 '
2429 4146 2575 4222 fue·
