2900 4817
1009 445 1403 566 ‘-.1³9-·

215 645 405 741 ‘ean
477 677 643 746 quae
704 660 1055 748 perplacuit
1120 661 1576 729 recentioribus
1603 710 1627 744 ‚
1692 675 1932 732 novum
1988 666 2144 733 scri·

265 778 452 846 bendi
506 795 706 866 genus
738 827 760 862 ‚
803 779 1043 866 dialogi
1085 797 1503 847 mortuorum.
1542 759 1551 771 ⁸
1591 781 1776 867 Quos
1817 782 1913 850 uti
1971 781 2150 869 inge·

265 896 378 961 nio
413 895 717 962 debemus
761 897 1088 978 auctoris,
1149 895 1233 962 ita
1274 897 1439 964 haud
1496 895 1681 965 facile
1720 898 1777 967 is
1827 900 1937 967 tali
1996 919 2150 986 pro-

268 1012 522 1082 tulisset
549 1059 573 1093 ,
619 1013 788 1094 quali
854 1028 1004 1079 sunt
1030 1061 1054 1095 ‚
1098 1012 1306 1081 forma
1347 1027 1414 1080 et
1454 1014 1746 1098 ratione,
1787 1015 1913 1085 nisi
1970 1033 2036 1085 et
2073 1017 2151 1086 ea

273 1131 544 1197 vixisset
591 1144 793 1195 aetate
815 1176 839 1210 ‚
926 1148 1049 1213 qua
1118 1129 1329 1197 Stoica
1392 1127 1802 1214 philosophia
1847 1145 2153 1200 terrarum

275 1247 494 1314 arbem
555 1257 967 1329 occupaverat
993 1293 1019 1328 ‚
1081 1261 1146 1315 et
1201 1267 1355 1314 vero
1412 1249 1904 1333 Aristophanem
1951 1252 2158 1338 inpri-

279 1366 531 1447 misque
607 1368 745 1450 ejus
807 1370 1163 1450 Βατραχοὺς
1223 1363 1505 1450 legisset.
1615 1366 1925 1434 Continet
2003 1369 2158 1437 haec

278 1480 491 1549 fabula
543 1481 848 1567 judicium
926 1480 1261 1564 Euripidis
1321 1481 1387 1546 in
1443 1480 1691 1550 inferis».
1800 1479 2167 1570 subjiciun-

280 1613 385 1665 tur
439 1613 648 1665 autem
723 1597 904 1681 quasi
960 1579 1214 1678 oculi5‚
1277 1615 1441 1680 quae
1500 1597 1566 1664 in
1628 1613 1781 1664 orco
1848 1611 2001 1666 sunt
2067 1599 2164 1668 in-

280 1716 518 1801 signia,
583 1716 902 1783 Cerberus
926 1762 952 1799 ,
1019 1714 1277 1801 Stygiae
1337 1715 1586 1797 undae,
1651 1716 1912 1783 Charon
1995 1735 2166 1788 mor·

185 1813 188 1820 Γ
283 1843 538 1901 tuorum
581 1833 907 1919 portitor,
971 1833 1112 1926 ipsi
1169 1832 1457 1914 mortui,
1521 1843 1655 1899 turn
1713 1835 2009 1919 judices,
2056 1833 2171 1919 qui

282 1952 362 2017 de
416 1952 686 2017 mortuis
757 1951 1060 2038 judicium
1136 1949 1598 2036 pronunciant,
1652 1950 1793 2019 alia.
1872 1950 2170 2039 Quorum

284 2065 746 2152 descriptiones
817 2069 1040 2134 ductae
1092 2068 1388 2134 videntur
1430 2086 1508 2135 ex
1561 2069 1779 2136 iisdem
1826 2069 2039 2152 poetis
2066 2117 2091 2152 ‚
2137 2083 2175 2136 e

289 2184 526 2268 quibus
571 2199 635 2252 et
684 2185 865 2252 Plato
900 2204 1052 2250 mox
1108 2201 1171 2250 et
1214 2201 1433 2268 postea
1468 2183 1779 2272 Virgilius
1819 2185 2169 2270 desumsit;

290 2301 407 2370 sed
457 2303 629 2387 apud
668 2302 1161 2386 Aristophanem
1209 2303 1500 2370 dramatis
1564 2317 1663 2370 est
1717 2302 1919 2370 forma
1946 2350 1972 2385 ,
2035 2318 2172 2382 tum

253 2405 582 2508 'jocorum
634 2435 785 2487 sunt
848 2421 1056 2486 omnia
1104 2433 1169 2486 et
1221 2418 1590 2487 facetiarum
1639 2422 1878 2504 plena,
1935 2421 2175 2490 chorus
2272 2497 2277 2504 ,

291 2538 543 2606 auditur
586 2557 866 2604 ranarum
894 2539 1256 2624 βρεκεκεκὲξ
1274 2586 1298 2619 ,
1342 2542 1495 2624 κοὰξ
1517 2590 1538 2617 ,
1598 2541 1791 2623 node:
1841 2535 1905 2586 <⁸2
1947 2537 2181 2609 ridicu-

293 2657 352 2730 la
407 2661 596 2740 plane
657 2655 1005 2723 Charontis
1059 2674 1330 2739 persona
1381 2669 1505 2721 est.
1594 2653 1976 2723 Peculiarem
2030 2655 2178 2724 hinc

299 2769 621 2839 Lucianus
642 2819 666 2854 ‚
709 2771 1065 2838 Promethei
1129 2772 1456 2857 cujusdam
1503 2771 1741 2854 instar,
1785 2772 2181 2859 dialogorum

301 2890 668 2958 informavit
716 2890 1017 2955 rationem
1044 2935 1068 2969 ‚
1109 2909 1237 2972 qua
1287 2887 1546 2955 umbrae
1586 2889 1651 2955 in
1711 2908 1866 2956 orco
1929 2890 2187 2960 induce·

302 3021 525 3075 rentur
595 3025 809 3073 secum
878 3005 1147 3073 invicem
1227 3007 1714 3091 colloquentes:
1804 3019 2183 3093 quamqualn

306 3123 673 3211 hujusmodi
729 3125 837 3190 ilia
892 3122 1064 3206 fuit,
1107 3140 1183 3192 ut
1241 3141 1356 3190 nec
1397 3123 1785 3193 comoediam
1830 3127 2184 3212 legentibus

303 3213 623 3324 antiquam
666 3239 872 3324 inam,
916 3259 1033 3309 nec
1087 3257 1241 3309 vero
1298 3241 1775 3329 philosophiam
1828 3257 2190 3331 reptas-en-

305 3373 472 3427 taret
514 3359 845 3444 integram.
2036 3437 2043 3446 f

398 3474 578 3543 Haec
632 3476 713 3543 de
762 3473 1074 3542 Luciano.
1121 3475 1194 3544 In
1238 3475 1505 3564 dialogis
1543 3476 1826 3547 Platonis
1892 3463 2188 3563 exstant,

311 3612 478 3678 quae
529 3594 714 3678 plane
759 3592 890 3661 sint
923 3593 1261 3662 Lucianeis
1313 3595 1539 3664 similia
1563 3643 1587 3677 ‚
1630 3595 1868 3664 cumin
1898 3595 2187 3669 moribus

312 3711 813 3798 perstringendis
856 3713 1252 3794 mortalium,
1302 3728 1437 3780 tum
1481 3713 1548 3779 in
1591 3711 1756 3781 vitae
1786 3716 2188 3802 praeceptist

316 3831 433 3899 sed
493 3849 809 3915 nusquam
860 3827 1293 3917 philosophus
1355 3831 1663 3901 comicum
1709 3831 1861 3920 agit.
1947 3827 2196 3903 Placide

749 3945 758 3956 “
865 3947 868 3954 “
2031 3954 2200 4036 apud

391 4083 481 4158 (ι)
519 4084 695 4141 arist.
729 4083 863 4142 nan.
897 4093 980 4147 vt.
1024 4093 1146 4156 209,
