2900 4817
1133 435 1516 506 ——135—

374 601 457 666 tis
503 600 863 667 hominibus
899 614 1106 682 esset,
1151 602 1575 686 metaphysica
1618 619 1748 669 non
1783 616 2020 670 tantum
2059 605 2241 673 Aris·

375 719 630 799 totelis‚
694 718 806 785 sed
852 719 1055 784 multo
1121 718 1314 801 magis
1374 719 1555 801 etiam
1622 719 1868 802 placitis
1943 719 2245 789 effectum

373 835 898 919 philosophorum
952 850 1048 900 est
1076 880 1098 914 ‚
1146 834 1378 915 quibus
1437 836 1734 901 illustrari
1776 838 1950 902 Plato
1987 836 2241 929 videbaff

373 965 522 1033 tur,
561 971 763 1047 quum
817 964 1025 1017 essent
1067 969 1282 1034 reapse
1322 950 1398 1017 ab
1442 954 1575 1035 ejus
1618 952 2026 1035 philosophia
2090 953 2239 1019 alie·

367 1088 492 1151 ηας
536 1070 800 1136 accessit
838 1084 1042 1133 antem
1096 1086 1305 1133 sacrae
1365 1071 1683 1135 doctrinae
1723 1083 1976 1134 nostrae
2000 1084 2238 1151 ¹aucto-

365 1186 540 1251 ritas.
627 1185 699 1251 In
740 1202 981 1248 morum
1025 1181 1351 1263 disciplina
1404 1187 1714 1250 tractanda
1752 1185 2048 1249 mundum
2109 1206 2237 1251 mo·

361 1302 561 1367 talem
623 1314 1037 1365 memorarunt
1112 1298 1245 1363 fere
1329 1301 1735 1366 recentiores,
1825 1302 2228 1385 Distinguere

359 1418 531 1481 hunc
572 1435 606 1482 a
659 1418 901 1503 physico
942 1414 1167 1480 mundo
1209 1434 1337 1481 non
1386 1416 1627 1481 minore
1674 1418 1994 1497 diligentia
2032 1419 2223 1485 Hem-

354 1532 708 1598 stet-husius
770 1532 1053 1613 studuit,
1133 1552 1317 1612 quam
1373 1533 1552 1598 Plato
1609 1534 1687 1599 ab
1747 1538 1933 1618 ὁρατῷ
1988 1537 2226 1600 mundo

351 1656 455 1723 τὸν
513 1654 712 1730 νοητὸν
768 1648 1179 1715 distinxerat:
1242 1649 1654 1732 similiterque
1714 1648 1768 1715 is
1838 1649 1903 1714 in
1966 1650 2221 1716 homine

351 1785 654 1852 organum
707 1764 1100 1847 exploravit,
1190 1782 1322 1846 quo
1380 1783 1480 1829 res
1546 1763 1855 1845 morales,
1902 1778 1974 1827 ut
2027 1767 2218 1829 oculo

347 1882 680 1967 physicas,
723 1880 1022 1964 percipit.
1058 1908 1149 1972 (1)
1235 1880 1324 1945 Et
1357 1898 1511 1946 vero
1552 1879 1781 1962 pariter
1820 1897 1939 1945 nos
1975 1880 2211 1964 jussit,

343 1996 400 2061 si
457 1997 609 2078 quid
652 1997 888 2080 justum
935 1994 1061 2077 sit,
1123 1997 1274 2078 quid
1314 1995 1599 2075 bonum,
1670 1995 1826 2077 quid
1864 1998 2206 2078 pulcrum,

338 2114 645 2180 vellemus
696 2115 1062 2193 explorare,
1128 2113 1347 2176 relicto
1402 2111 1729 2193 spectabili
1785 2113 2061 2195 munde,
2142 2113 2212 2180 in

342 2230 636 2295 moralem
707 2227 884 2293 illum
936 2227 1289 2291 escendere.
1356 2224 1447 2289 (2)
1553 2228 1997 2308 Coniecturam
2062 2214 2223 2295 hinc'

339 2364 559 2430 capere
629 2343 696 2408 in
749 2356 1005 2427 promtu
1059 2356 1233 2421 erat,
1310 2341 1832 2423 quemadmodum
1896 2361 1958 2409 et
2022 2348 2204 2416 τόπον

336 2462 512 2530 illum
578 2461 744 2543 apud
803 2460 1123 2527 Platonem
1191 2464 1388 2536 νοητὸν
1449 2474 1515 2524 et
1579 2476 1732 2524 vero
1786 2462 2033 2545 ὄργανον
2094 2472 2204 2541 τῆς

332 2589 543 2666 ψυχῆς
569 2630 590 2656 ,
655 2577 828 2658 quod
888 2589 1238 2657 memorat,
1298 2576 1689 2657 interpretari
1765 2594 1885 2642 nos
1947 2594 2206 2661 oporte-

330 2715 452 2765 ret.
541 2696 629 2761 Et
689 2692 937 2771 fateor,
974 2692 1272 2774 juvenem
1334 2709 1433 2756 me
1486 2709 1630 2755 cum
1684 2690 1947 2757 aliorum
1994 2691 2204 2775 philo-

330 2812 728 2897 sophorum,
792 2823 925 2875 tum
982 2803 1445 2872 Hemsterhusii
1504 2805 1571 2870 in
1633 2806 1732 2870 his
1785 2809 2028 2890 placitis
2091 2801 2211 2875 ex-'

328 2928 640 3015 ponendis
690 2924 1071 2993 sublimitate
1123 2921 1448 3003 abreptum
1479 2968 1502 3001 ‚
1549 2922 1623 2985 ad
1684 2940 1898 2988 eorum
1943 2940 2195 2991 senten·

325 3047 478 3113 tiam
540 3043 920 3113 Platonicam
972 3037 1317 3105 doctrinam
1370 3037 1903 3103 accommodatum
1966 3041 2187 3105 ivisse.

321 3167 587 3244 Postea,
634 3175 794 3226 ute
856 3155 1110 3239 scriptis
1157 3156 1338 3220 unice
1380 3155 1661 3219 Platonis
1707 3154 1909 3235 ipsius
1964 3158 2190 3237 placita
2276 3210 2285 3217 .

321 3278 628 3362 explicare
694 3290 957 3341 conatus
999 3290 1139 3341 sum
1168 3317 1192 3349 ‚
1235 3268 1469 3335 erroris
1512 3288 1609 3334 me
1646 3270 1767 3332 mei
1816 3272 2172 3350 poenituit:

313 3395 696 3478 distinguere
755 3410 793 3481 a
867 3387 1320 3461 recentioribus
1391 3386 1490 3450 his
1576 3385 1969 3469 philosophis
2028 3391 2184 3453 anti-

319 3530 517 3594 quum
567 3511 742 3574 illum
777 3503 1031 3584 didici,
1074 3501 1378 3583 visusque
1447 3500 1599 3564 mihi
1669 3518 1811 3565 sum
1867 3505 2181 3588 perspice-

314 3648 429 3711 re,
465 3626 1022 3693 -reete·Platonem
1063 3619 1142 3685 ad
1201 3617 1522 3684 veritatem
1582 3616 1840 3697 verique
1897 3621 2176 3689 studium

311 3746 602 3816 retulisse
661 3741 890 3808 omnia.
995 3737 1159 3802 Nam
1213 3752 1434 3800 sensus
1506 3734 1753 3797 moralis
1816 3734 1939 3800 nisi
1999 3738 2163 3803 idem

2073 3874 2176 3916 νι·

359 4003 456 4076 (ι)
481 3989 1199 4061 Ποωωεὶι.οωννσσρ1ιὶ1.
1220 3985 1349 4042 Vol.
1376 3986 1426 4040 1.
1447 3999 1562 4057 177·
1587 3985 1683 4056 (α)
1711 3985 1796 4040 ld.
1823 3986 1952 4047 Vol.
1978 3986 2058 4046 11.
2069 3988 2162 4044 50.
