2900 4817
1402 457 1756 520 ''¹⁸40“-

688 635 884 701 quum
924 618 991 684 in
1032 619 1235 701 pulcri
1277 638 1667 687 versaremur
1703 615 2150 704 philosophiat
2202 617 2308 683 hic
2350 585 2566 686 autem*

578 759 589 772 ¹
687 753 906 800 eorum
967 735 1276 802 reminisci
1301 782 1326 816 ,
1413 750 1487 802 ut
1556 737 1690 802 veri
1762 752 2213 821 persequamur
2277 734 2570 819 philoso-

687 852 898 935 phiam
920 898 946 934 ,
1012 853 1367 919 necessario
1433 865 1714 937 oportet.
1802 852 1980 918 Nam.
2031 870 2161 934 quo
2217 851 2367 918 haec
2425 869 2606 936 saer

689 966 837 1047 pius
883 966 1362 1049 accuratiusque
1400 967 1734 1053 legerimus
1770 986 1841 1033 ac
1881 966 2393 1051 perpenderimus
2414 1011 2440 1048 ‚
2481 983 2564 1031 eo
2677 1009 2687 1016 -

690 1082 888 1167 magis
939 1082 1069 1166 ipsi
1127 1102 1536 1166 assequemur
1596 1075 1936 1170 cogitando
1985 1098 2048 1151 et
2103 1070 2435 1151 sentiendo
2499 1083 2570 1149 in

689 1200 910 1283 primis
967 1199 1428 1285 percipiemuS,
1496 1221 1681 1284 quam
1735 1200 2004 1268 sublime
2057 1201 2142 1267 sit
2199 1202 2262 1267 in
2312 1201 2572 1267 homine

688 1316 1069 1401 principium
1128 1317 1292 1384 idem
1359 1318 1468 1385 ille
1523 1322 1819 1387 veritatis
1871 1339 2071 1388 amor.
2157 1317 2308 1383 Vim
2359 1331 2569 1384 autem

693 1434 889 1501 divini
927 1433 1220 1519 principii
1272 1434 1349 1501 ad
1390 1433 1682 1519 parienda
1718 1434 1915 1518 inque
1949 1436 2152 1501 lucem
2196 1415 2572 1518 proferenda

695 1549 930 1635 optima
988 1570 1274 1634 quaeque
1348 1566 1412 1620 et
1464 1551 1788 1619 hommum
1850 1553 2060 1637 generi
2115 1545 2567 1633 saluberrima.

693 1669 863 1735 haud
915 1666 1098 1736 facile
1151 1669 1296 1751 quis
1357 1668 1888 1754 phiIOsophorum
1932 1668 2024 1734 sic
2049 1716 2072 1750 ‚
2116 1682 2191 1734 ut
2230 1668 2408 1736 Plato
2432 1716 2456 1751 ‚
2501 1668 2572 1735 in

691 1767 838 1856 lu‘ce
874 1786 1117 1871 posuit.
1206 1787 1370 1852 Nam
1414 1788 1634 1878 pulcra
1680 1787 1849 1870 apud
1888 1787 2210 1853 Platonem
2250 1785 2433 1870 quasi
2476 1786 2574 1853 in·

693 1899 1030 1971 vitamenta
1103 1917 1255 1970 sunt
1328 1904 1407 1970 ad
1472 1904 1609 1971 veri
1686 1902 2054 1986 eliciendum
2119 1897 2392 1970 amorem
2413 1951 2438 1985 ,
2501 1918 2573 1971 et

696 2021 985 2106 quamvis
1023 2021 1296 2100 animum
1344 2022 1437 2087 sic
1467 2021 1898 2116 inflamment,
1965 2037 2039 2088 ut
2099 2021 2282 2088 furor
2318 2022 2470 2089 inde
2505 2037 2575 2090 et

692 2139 930 2205 insania
970 2139 1239 2220 oriatur,
1284 2139 1407 2205 hoc
1466 2138 1611 2223 ipso
1665 2138 1740 2204 fit
1781 2137 2043 2220 furore,
2086 2154 2208 2221 ut,
2255 2159 2416 2222 quae
2453 2141 2578 2206 ho·

692 2255 848 2324 mini
882 2257 1047 2324 inest
1098 2257 1176 2324 ad
1202 2257 1410 2323 omnia
1446 2258 1791 2339 praeclara,
1840 2258 1919 2322 ad
1962 2275 2112 2323 vere
2152 2259 2367 2341 pulcra
2394 2305 2418 2340 ,
2462 2277 2577 2325 ve-

699 2395 769 2443 re
832 2376 998 2442 bona
1058 2390 1125 2443 et
1179 2378 1349 2462 justa
1407 2374 1652 2441 indoles
1714 2374 2009 2441 naturalis
2031 2421 2057 2455 ‚
2109 2375 2415 2458 'quaeque
2455 2375 2574 2442 hae

694 2494 911 2561 indole
989 2496 1182 2559 homo
1257 2491 1613 2577 studiisque
1681 2492 1784 2558 his
1846 2490 2223 2558 sublimibus
2284 2492 2582 2578 concepit

695 2611 903 2679 animo
958 2630 994 2678 a
1052 2625 1263 2677 tenera
1320 2609 1470 2676 inde
1515 2623 1790 2691 aetate,¹
1835 2609 1985 2677 haec
2027 2609 2230 2694 igitur
2283 2627 2421 2677 non
2483 2612 2575 2678 la·

690 2744 862 2798 team
893 2725 1135 2796 diutius
1180 2727 1247 2793 in
1298 2726 1427 2793 imo
1470 2741 1769 2811 pectore,
1814 2727 1930 2794 sed
1996 2727 2305 2812 prodeant
2354 2728 2420 2795 in
2474 2730 2580 2794 lu·

694 2865 831 2914 cem
871 2859 936 2915 et
977 2846 1158 2929 quasi
1215 2859 1403 2930 partu
1446 2845 1838 2913 emittantur.
1928 2844 2085 2912 Non
2147 2847 2574 2932 perspiciebat

692 2962 1004 3030 continuo
1045 2963 1334 3030 Socrates
1360 3009 1386 3045 ,
1430 2963 1587 3046 quid
1620 2962 1746 3029 sibi
1785 2964 1975 3029 vellet
2006 2963 2332 3048 Diotime,
2377 2984 2576 3047 quum

696 3080 926 3146 amoris
970 3080 1252 3163 aperiens
1300 3093 1585 3145 naturam
1607 3125 1633 3160 ‚
1677 3078 1952 3148 obscure
1993 3084 2149 3146 satis
2196 3080 2580 3167 pronuncia..

697 3211 834 3265 rete
879 3199 970 3271 ἓςι
1000 3202 1123 3281 γὰρ
1158 3203 1333 3267 τοῦτο
1361 3200 1533 3274 τόκος
1566 3200 1627 3268 ὲν
1667 3201 1837 3283 καλῷ
1854 3248 1874 3275 ,
1921 3200 2025 3270 καὶ
2083 3203 2252 3270 κατὰ
2286 3202 2361 3271 τὸ
2396 3207 2578 3284 σῶμα

694 3317 799 3390 καὶ
837 3318 1003 3386 κατὰ
1043 3320 1151 3395 τὴν
1188 3318 1426 3399 ψυχήν.
1476 3313 1541 3361 <⁸³
1606 3313 1848 3382 Partus
1905 3316 2017 3382 hoc
2064 3331 2158 3382 est
2201 3318 2279 3381 in
2308 3316 2580 3403 pulcro,

687 3427 831 3503 cism
869 3448 1124 3521 corpore
1174 3446 1312 3498 tum
1371 3432 1624 3516 animm·
1681 3450 1852 3498 nunc
1898 3451 2018 3499 nos
2045 3479 2070 3516 ,
2134 3433 2202 3500 ni
2243 3432 2522 3501 fallimur
2545 3482 2573 3516 ‚

698 3547 1004 3615 obscurae
1061 3548 1405 3615 sententiae
1454 3562 1520 3615 et
1576 3551 1756 3631 quasi
1815 3549 2283 3620 vaticinationis
2337 3550 2466 3619 vim
2511 3569 2581 3620 et

688 3681 943 3732 sensum
1021 3666 1440 3749 assequimur.
1555 3667 1722 3734 Nam
1783 3681 1937 3734 sunt
2002 3671 2229 3736 natura
2287 3668 2580 3738 homines

642 3844 649 3852 ,
690 3795 816 3853 nm
868 3780 1113 3864 animo,
1182 3771 1366 3866 quam
1426 3802 1697 3876 corpore
1757 3801 2171 3876 praegnantes
2191 3835 2215 3876 2
2264 3806 2578 3872 concepe-

764 4011 859 4092 (ψ
882 4011 1073 4090 51ωΡο,
1107 4017 1205 4074 206
1241 4012 1307 4075 B..
2425 3917 2579 3979 mm
