2900 4817
1649 484 1728 557 ῃ

748 645 822 713 ni
853 645 1157 733 justique·
1182 645 1562 731 similam,
1617 652 1736 720 aed
1784 653 2056 725 obscum
2103 658 2242 729 fere
2261 709 2286 746 ,
2347 664 2621 737 subinde

746 766 935 834 etiam
972 764 1212 833 fallacia
1251 764 1579 833 simulacra
1617 784 1816 854 sunt3
1875 773 1947 840 id
1996 790 2203 845 autem
2227 825 2252 861 ,
2313 785 2494 865 quod
2525 785 2621 871 ip—

752 902 898 950 sum
954 900 1068 966 per
1128 901 1200 949 se
1249 895 1314 948 et
1355 886 1653 972 pulcrum
1703 903 1767 951 ct
1818 885 2040 956 bonum
2095 908 2162 961 et
2181 896 2432 980 justum
2471 916 2571 968 est
2587 954 2611 986 ,

742 1001 1028 1068 nondum
1072 1014 1517 1084 perceperunt.
1623 1003 1995 1087 Priusquam
2050 1025 2208 1077 vero
2270 1014 2424 1082 haec
2475 1033 2623 1085 coe·

740 1116 955 1202 perint
988 1117 1199 1183 animo
1240 1116 1515 1200 intueri,
1558 1137 1691 1202 quo
1732 1119 1827 1186 illi
1855 1123 2047 1191 modo
2099 1128 2177 1193 de
2227 1130 2422 1196 rebus
2455 1132 2622 1200 divi·-

738 1233 843 1302 nis
882 1248 951 1301 et
1009 1234 1297 1300 humanis
1362 1252 1514 1301 vere
1548 1235 1984 1320 judicabunt?
2026 1240 2416 1330 Quomodo,
2461 1248 2613 1317 dum

740 1348 956 1434 ipsum
994 1367 1105 1416 eos
1144 1349 1369 1415 bonum
1404 1349 1624 1416 latebit
1641 1396 1669 1431 ‚
1712 1372 1809 1420 res
1854 1373 2000 1422 suas
2047 1358 2460 1445 publicasque
2481 1410 2486 1414 .
2507 1358 2618 1431 ad·

740 1465 1093 1533 ministrare
1149 1465 1270 1532 rite
1329 1465 1599 1549 aliisque
1635 1469 1942 1552 prodesse
1985 1476 2337 1559 potenmt‘?
2377 1480 2613 1549 sedmt

739 1596 1189 1665 aeternumque
1246 1583 1559 1651 sedeth
1637 1589 1820 1670 quasi
1879 1591 1946 1656 in
2004 1596 2346 1676 speluncae
2398 1599 2613 1685 cuius.

738 1701 884 1768 dam
943 1700 1214 1786 tenebris
1239 1747 1265 1780 ‚
1344 1699 1462 1767 ubi
1547 1705 1844 1786 quamdiu
1917 1725 2242 1777 morantur
2263 1760 2286 1792 ,
2375 1716 2613 1788 mdiu

736 1830 927 1886 eruut
964 1816 1169 1884 omnis
1209 1815 1511 1885 scientiae
1551 1819 1964 1905 veritatisque
2001 1843 2320 1918 expertes.

825 1934 1264 2022 Quaerendum
1310 1933 1515 2018 igitur
1567 1949 1737 2003 nunc
1789 1957 1984 2022 porro
2039 1955 2138 2008 est
2172 1946 2362 2014 nobis
2383 1989 2409 2029 ,
2453 1949 2608 2032 quid

732 2050 1030 2137 deinceps
1089 2050 1332 2118 efficere
1387 2051 1559 2137 justa
1617 2059 1900 2138 παιδεία,
1977 2058 2135 2142 quid
2201 2063 2607 2150 philosophia

728 2165 959 2242 deb'eat
977 2217 1002 2251 ,
1045 2182 1120 2235 ut
1174 2168 1253 2235 ad
1309 2168 1636 2236 veritatem
1697 2169 1901 2256 ipsam
1959 2176 2038 2242 ab
2099 2178 2202 2245 his
2258 2182 2602 2254 simulacris

732 2304 1196 2357 conversamur.
1284 2285 1646 2356 Escendere
1696 2309 1775 2357 ex
1829 2307 2012 2359 antro
2071 2314 2191 2363 nos
2245 2299 2271 2384 j
2279 2299 2433 2367 ubet
2475 2297 2606 2371 'Soa

736 2419 979 2486 crates,
1043 2419 1116 2470 ut
1174 2403 1418 2487 opinari
1475 2404 1834 2474 desinamus
1869 2455 1896 2491 ‚
1963 2411 2128 2480 scire
2178 2414 2602 2504 incipiamus,

685 2514 1071 2603 'missisque
1116 2533 1183 2587 et
1242 2519 1482 2587 umbris
1548 2524 1901 2607 specierum
1951 2527 2270 2602 fallacium
2317 2549 2410 2603 eto
2438 2531 2599 2623 19³ss

728 2638 1063 2724 speciebus
1085 2685 1111 2718 ‚
1173 2636 1240 2703 in
1288 2639 1590 2706 mundum
1643 2646 1994 2726 nonduin
2035 2648 2261 2733 fipsum
2313 2656 2602 2724 veriatis

728 2774 990 2842 regnum
1029 2756 1461 2823 emendamus.
1547 2758 1695 2825 Hoc
1729 2779 1934 2830 autem
1967 2767 2420 2854 philosophiae
2462 2793 2602 2842 mu-

716 2895 853 2944 -nus
907 2888 975 2941 et
1027 2891 1214 2959 grave
1249 2890 1392 2941 esse
1430 2873 1498 2941 in
1533 2875 1754 2959 primis
1794 2894 1861 2945 et
1897 2881 2184 2966 difficile,
2227 2888 2337 2955 ait.
2427 2892 2595 2961 Nam

722 2993 781 3074 si
827 3011 1012 3078 aegre
1047 2990 1139 3057 illi
1178 2990 1256 3060 ab
1297 2989 1536 3060 umbris
1584 2997 1992 3076 conversiad
2030 3001 2594 3094 simulacra‘sunt,

723 3127 860 3194 quo
901 3108 1149 3174 tandem
1191 3108 1381 3173 modo
1416 3108 1496 3174 ab
1541 3110 1641 3178 his
1680 3131 1751 3179 se
1790 3118 2079 3183 converti
2116 3121 2195 3186 ad
2237 3141 2340 3194 res
2377 3127 2591 3213 ipsas}

716 3227 798 3294 ad
853 3230 940 3298 τὰ
975 3228 1119 3297 ὄντα
1173 3223 1542 3309 patientur?
1608 3228 1736 3295 Sed
1774 3229 1984 3315 ipsum
2018 3235 2232 3306 denuo
2268 3242 2594 3316 audiamus

724 3345 1072 3412 Socratem.
2551 3405 2556 3414 .

801 3460 873 3528 Si
928 3478 1082 3527 vero
1126 3457 1273 3541 quis
1328 3460 1596 3528 eundem
1618 3511 1645 3546 ,
1707 3464 1956 3550 inquit,
2009 3491 2126 3558 per
2164 3477 2589 3566 adunatque

712 3596 934 3661 aspera
989 3596 1241 3644 sursum
1280 3578 1575 3666 'traheret
1645 3581 2002 3672 violenter,
2066 3610 2183 3660 nec
2243 3598 2587 3669 remitteret

712 3692 1082 3779 priusquam
1146 3695 1226 3762 ad
1276 3696 1433 3764 solis
1489 3698 1702 3767 lumen
1761 3708 2182 3793 extraxisset‚=
2212 3725 2432 3783 nonne
2457 3731 2586 3785 „aa

706 3797 1030 3879 hementer
1106 3828 1250 3880 eum
1298 3859 1324 3894 ‚
1392 3814 1543 3882 dum
1606 3818 1706 3884 sie
1757 3823 2154 3913 traheretur,
2233 3831 2590 3905 doliturum·

703 3927 1171 4015 aegerrimeque
1273 3930 1547 3999 laturum
1631 3936 1947 4007 existimas
1969 3988 1995 4023 ‚
2062 3959 2124 4010 et
2148 3994 2173 4029 ‚
2239 3968 2582 4035 postquam

707 4045 786 4114 ad
828 4046 1040 4112 lumen
1078 4060 1335 4114 evectus
1368 4043 1563 4120 fuerit
1587 4098 1613 4134 ‚
1655 4051 1908 4141 fulgore
1949 4059 2281 4135 habentem
2339 4071 2596 4144 scilieet-

2437 4210 2591 4260 ocu-
