2900 4817
1439 431 1923 516 -1362-,-.

690 612 968 684 evurtium
986 610 1315 700 optimum,
1336 612 1548 698 inquit
1569 659 1595 695 ,
1622 627 1713 680 cst
1731 659 1755 695 ,
1772 633 1894 682 non
1910 618 2088 683 nasci
2103 631 2131 682 t
2143 634 2438 706 praestat
2462 616 2580 688 aei·

687 744 822 807 tem
847 732 1014 796 mori
1031 776 1057 813 ,
1098 749 1289 816 quam
1313 732 1525 797 vivere
1543 751 1570 796 .·
1594 731 1840 818 q'usque
1862 733 1962 797 rei
2002 733 2220 802 multis
2246 752 2392 801 sunt
2412 734 2578 801 divi-

695 849 870 916 nitus
917 844 1243 935 perhibita
1303 849 1681 916 testimonla.
1805 849 2020 935 Atque
2077 850 2198 915 huc
2240 855 2523 939 pertinet
2545 898 2576 938 ,

698 961 870 1054 quod
915 977 1153 1029 narrat
1162 983 1243 1028 ur
1262 1009 1289 1044 ‚
1344 962 1623 1032 Silenum
1677 983 1723 1029 a
1765 961 1960 1032 Mida
1998 967 2116 1033 isto
2159 981 2411 1056 captum
2433 1012 2460 1049 ,
2513 981 2577 1034 ct

695 1104 743 1164 ρ
799 1085 1128 1154 venatione
1174 1083 1234 1146 ei
1273 1082 1663 1162 sciscitanti,
1744 1079 2044 1170 quidnam
2106 1085 2399 1172 optimum
2472 1059 2597 1149 lto-³

699 1202 863 1272 mint·
922 1200 1316 1284 maximeque
1373 1195 1776 1285 expetendum
1848 1214 1998 1266 essct
2021 1245 2048 1280 ,
2107 1202 2416 1287 principio
2476 1218 2579 1264 re-

702 1315 1000 1411 spondere
1068 1316 1332 1383 noluisse
1392 1336 1714 1403 vocemque
1768 1319 2184 1405 compressisse
2198 1337 2226 1382 .·
2322 1313 2575 1383 tandem

698 1456 842 1508 cum
910 1432 1183 1522 urgendi
1199 1480 1224 1515 ‚
1316 1448 1391 1502 ut
1445 1431 1701 1520 aliquid
1749 1431 1984 1500 diceret
2001 1480 2027 1517 ‚
2087 1431 2282 1515 finem
2334 1432 2578 1499 nullum

705 1550 901 1623 Mida
953 1551 1215 1639 faceret
1234 1597 1260 1634 ‚
1313 1553 1385 1620 in
1461 1550 1614 1616 baec
1672 1551 1943 1618 invitum
2002 1553 2292 1641 erupisse
2340 1547 2533 1617 ¹verba
2550 1571 2579 1619 s

707 1718 768 1756 „
811 1671 1186 1738 Acrumnosi
1227 1670 1406 1756 genii
1460 1682 1521 1736 ct
1574 1666 1836 1759 difficilis
1880 1669 2029 1753 fhrt
2036 1688 2196 1736 unae
2253 1686 2453 1737 semen
2508 1673 2581 1735 in

705 1789 869 1862 diem
923 1785 1169 1854 durans
1190 1832 1215 1869 ‚
1257 1806 1554 1872 quorsum
1593 1807 1690 1881 me⁴
1747 1787 1969 1873 cogitis
2014 1806 2090 1852 ea
2125 1785 2291 1854 vobis
2328 1783 2534 1851 dicere
2551 1829 2579 1868 ,

707 1927 871 2000 quae
919 1904 1086 1990 vobis
1138 1905 1375 1972 nescire
1413 1916 1560 1969 erat
1598 1903 1817 1970 melius
1836 1907 1876 1974 ἓ
1930 1902 2225 1997 Maxime
2268 1903 2431 1968 enim
2466 1921 2579 1969 va-

589 2107 598 2114 .
701 2038 917 2105 ¹cantes
957 2021 1167 2088 dolore
1204 2023 1428 2088 vivunt
1448 2065 1475 2102 ‚
1539 2023 1651 2106 qui
1692 2042 1810 2087 sua
1845 2023 2145 2106 ignorant
2183 2020 2383 2088 mala.
2450 2017 2584 2084 Ho-

704 2138 974 2209 minibus
1008 2155 1219 2206 autem
1259 2141 1500 2205 omnino
1535 2141 1830 2227 optimum
1859 2154 1950 2205 est
1966 2184 1989 2218 ‚
2024 2159 2144 2204 non
2177 2140 2352 2204 nasci
2389 2158 2584 2224 neque

700 2257 1075 2352 participem
1118 2251 1273 2338 fieri
1335 2258 1828 2344 praestantioris
1885 2269 2163 2330 naturae
2176 2279 2233 2339 ‚·-
2288 2256 2584 2345 optimum

705 2377 870 2441 enlm
923 2370 1198 2439 omnibus
1256 2374 1590 2458 utriusque
1644 2359 1826 2440 sesscns
1883 2371 2226 2440 hominibus
2280 2361 2392 2439 hoc
2446 2384 2536 2440 est
2552 2393 2582 2440 .·

694 2492 1060 2580 proximum
1125 2490 1272 2554 huic
1291 2534 1316 2570 ‚
1359 2503 1420 2554 et
1470 2490 1644 2555 inter
1695 2508 1770 2553 ea
1788 2534 1815 2568 ,
1856 2509 2021 2576 quac
2067 2492 2350 2577 consequi
2410 2489 2584 2558 bomo

698 2609 892 2696 possit
909 2651 934 2687 ‚
966 2607 1249 2694 primum
1300 2618 1390 2670 est
1407 2650 1433 2686 ,
1477 2625 1667 2690 quam
1718 2605 2044 2672 celerrime
2077 2610 2267 2675 mori.
2357 2607 2586 2672 Mani-

683 2723 932 2809 festum
983 2741 1128 2789 vero
1181 2734 1270 2787 est
1288 2766 1313 2802 ,
1357 2723 1446 2787 sic
1485 2742 1622 2787 eum
1653 2726 2096 2809 pronuntiasse
2109 2770 2136 2805 ‚
2178 2722 2347 2813 quod
2364 2726 2584 2792 melior

706 2846 793 2912 sit
828 2854 1217 2930 mortuorum
1241 2884 1266 2921 ‚
1310 2860 1502 2925 quam
1536 2843 1871 2921 vivorum,
1914 2839 2207 2908 conditio.

798 2957 894 3025 Ut
948 2976 1101 3024 vero
1157 2956 1482 3041 perierunt
1538 2955 1727 3023 nobis
1773 2955 1908 3024 fere
1959 2957 2328 3024 Aristotelis
2389 2958 2589 3038 dialo-

712 3075 825 3160 gi,
867 3073 953 3139 ita
987 3088 1332 3158 supersunt
1358 3120 1382 3154 ‚
1428 3091 1593 3155 quos
1649 3087 1796 3157 apte
1849 3092 1994 3142 cum
2036 3074 2371 3142 Platonicis
2404 3094 2585 3142 com·

710 3208 1049 3277 paremus,
1125 3188 1359 3273 dialogi
1440 3189 1770 3260 Lucianei.
1882 3191 2182 3277 Cognovi
2238 3191 2528 3274 equidem
2554 3241 2580 3278 ‚

712 3307 827 3391 qui
881 3319 1301 3388 utrorumque
1362 3322 1497 3371 non
1556 3325 1955 3391 magnopere·
1991 3285 2323 3377 discriuien
2374 3314 2594 3397 suspi-

709 3439 1003 3493 carentur
1026 3471 1052 3507 ‚
1099 3425 1204 3491 vel
1223 3470 1247 3504 ‚
1291 3422 1350 3490 si
1398 3426 1501 3490 vel
1545 3425 1810 3494 maxime
1877 3430 2391 3513 suspicarentur,
2436 3450 2588 3514 qua-

709 3543 775 3611 le
830 3540 989 3608 illud
1030 3541 1115 3607 sit
1136 3587 1163 3622 ‚
1209 3542 1374 3610 haud
1430 3542 1885 3626 perspicerent.
1971 3545 2062 3610 Et
2105 3545 2400 3631 profecto
2426 3565 2591 3634 ¹sunt

647 3743 662 3751 ἱ
710 3659 862 3724 item
920 3656 986 3721 hi
1011 3702 1038 3737 ,
1096 3673 1167 3727 ut
1237 3658 1584 3743 Platonici,
1646 3677 1777 3726 non
1836 3662 2154 3745 colloquia
2176 3641 2225 3752 ,'
2283 3666 2397 3732 sed
2448 3667 2591 3736 dra·

595 3791 600 3798 ·
713 3787 906 3844 mata:
952 3786 1104 3838 sunt
1157 3771 1307 3840 item
1342 3775 1830 3861 philosophiae,
1877 3797 2039 3860 quae
2075 3782 2400 3852 veritatem
2459 3783 2592 3854 vir·

716 3905 1045 3974 turc-mque
1103 3904 1389 3980 spectat,
1433 3893 1650 3980 pleni,
1695 3911 1796 3977 et,
1843 3896 2174 4010 quamyisg,
2238 3901 2418 3985 quod
2472 3900 2589 3976 mi·

2490 4031 2588 4090 10·
