2900 4817
1099 477 1451 556 ...37-

340 677 489 729 tem.
578 653 927 724 Sublimior
984 667 1114 722 erat
1170 654 1277 720 illa
1299 672 1322 719 t
1403 657 1555 724 haec
1614 658 2029 743 popularior3
2090 658 2193 728 mn

339 771 698 842 excellentis
756 768 992 855 ingenii
1055 769 1422 842 hominihus
1491 774 1952 844 conveniebatt
2039 763 2188 843 haec

338 889 622 976 placebat
678 887 998 956 omnibus.
1103 886 1211 953 Ex
1273 886 1377 954 illa
1441 889 1713 973 profecti
1774 903 1927 957 sunt
1986 905 2202 959 orato·

337 1026 474 1089 res,
520 1007 638 1091 qui
684 1004 970 1072 acumine
1021 1003 1256 1094 ingenii
1317 1004 1665 1089 judiciique
1706 1006 2055 1076 subtilitate
2093 1027 2204 1076 ex·

339 1126 632 1192 cellerent
653 1170 679 1205 ‚
746 1124 860 1190 sed
919 1125 992 1190 ea
1026 1134 1239 1188 essent
1288 1122 1655 1205 eloquentia
1675 1170 1700 1206 ,
1765 1140 1929 1207 quae
1986 1142 2197 1193 rerum

337 1241 641 1329 gravitate
696 1240 892 1325 magis
917 1284 942 1319 ‚
1009 1258 1195 1321 quam
1255 1238 1441 1323 copia
1501 1239 1801 1308 orationis
1847 1255 1913 1310 et
1958 1242 2205 1327 perspi-

341 1359 572 1424 cuitate
631 1358 1170 1428 commendaretur
1189 1377 1212 1424 z
1280 1358 1469 1441 cujus
1526 1358 1616 1424 rei
1669 1359 1857 1431 testis
1912 1375 2012 1427 est
2067 1373 2206 1429 tota

348 1474 744 1559 Thucydidis
816 1472 1102 1540 historia.
1189 1472 1250 1540 E
1314 1472 1596 1541 Socratis
1658 1494 1809 1541 vero
1875 1476 2208 1560 disciplina

343 1592 841 1675 Xenophonteae
894 1588 1214 1655 fluxerunt
1279 1589 1595 1656 orationes
1618 1636 1643 1672 ‚
1674 1630 1680 1635 -
1707 1609 1867 1673 quae
1927 1595 2210 1676 exempla

348 1708 518 1773 omni
581 1725 740 1772 aevo
784 1705 1028 1773 habitae
1062 1718 1213 1772 sunt
1268 1705 1735 1801 perspicuitatis
1760 1753 1785 1789 ‚
1829 1707 2157 1775 suavitatis
2183 1755 2209 1791 ,

349 1823 729 1907 elegantiae:
795 1819 1108 1890 fluxerunt
1165 1820 1464 1888 historica
1505 1822 1733 1906 scripta
1800 1843 1947 1890 cum
1999 1826 2216 1893 Xeno-

345 1915 654 2031 phontis,
718 1956 852 2009 tum
929 1961 1146 2008 eorum
1172 1988 1198 2023 ,
1285 1942 1396 2024 qui
1460 1943 1649 2027 hujus
1723 1942 1951 2010 imitari
2025 1943 2211 2012 dotes

349 2063 727 2129 studuerunt
748 2106 771 2140 ,
816 2058 1063 2142 Ephori
1090 2103 1115 2139 ,
1157 2059 1456 2140 Arriani,
1499 2059 1812 2127 evidentia
1870 2078 2022 2129 sane
2082 2061 2214 2129 sin·

351 2178 553 2264 gulari
606 2175 1044 2261 Thucydidem
1113 2178 1499 2260 superantia.
1590 2178 1985 2260 minxerunt,
2054 2197 2223 2260 quae

352 2294 635 2364 omnium
701 2293 970 2375 primum
1066 2307 1129 2359 et
1207 2292 1472 2360 maxime
1552 2295 1947 2361 memoranda
1996 2309 2218 2378 erant,

348 2411 632 2482 Platonis
665 2410 956 2493 scripta,.
981 2429 1169 2492 quem
1211 2430 1501 2478 omnium·
1538 2409 1649 2493 qui
1692 2427 1983 2493 umquam
2023 2410 2224 2496 scrip·

341 2541 619 2609 serunt,
663 2524 1253 2608 eloquentissimum
1296 2528 1599 2613 judicavit
1636 2519 1891 2597 Cicero·
1938 2529 2064 2598 Sed
2106 2521 2224 2597 So-

353 2644 620 2712 craticae
655 2644 908 2710 scholae
956 2627 1314 2725 eloquentia
1357 2660 1427 2711 ut
1471 2648 1661 2731 plane
1714 2647 1781 2712 in
1827 2649 2029 2713 lucem
2069 2666 2223 2730 pro-

351 2763 520 2831 diret
543 2809 570 2844 ‚
612 2762 879 2828 Oratore
906 2777 1040 2830 erat
1078 2779 1243 2843 opus
1268 2806 1292 2842 ,
1337 2761 1453 2844 qui
1482 2808 1507 2843 ,
1552 2764 1747 2827 instar
1782 2755 2034 2829 Periclis
2058 2810 2081 2844 ,
2125 2766 2230 2831 vel

359 2891 682 2968 praeesset:
722 2877 1012 2957 civitati,
1047 2877 1148 2943 vel
1169 2889 1348 2943 totus
1386 2891 1558 2943 certe
1602 2877 1871 2943 essetein
1904 2879 2094 2970 rebus
2146 2879 2238 2944 ci-

359 2997 603 3063 vilibus
666 3009 983 3062 versatum
1074 2992 1251 3059 Talis
1307 2994 1492 3076 plane
1530 2994 1997 3061 Demosthenes
2059 2992 2184 3062 fuit
2208 3043 2232 3077 ‚

359 3114 661 3195 idemque
741 3110 834 3178 sie
934 3109 1055 3175 toti
1156 3110 1519 3179 excitandae
1608 3113 2237 3197 commovendaeque

365 3230 674 3299 Graeciae
758 3215 1134 3296 Socraticam
1197 3228 1483 3296 adhibuit
1568 3228 2031 3312 philosophiam
2055 3276 2080 3311 ‚
2164 3245 2240 3311 ut

367 3364 514 3418 ante
585 3367 732 3416 eum
806 3345 1287 3414 Atheniensium
1345 3346 1656 3431 regmdae
1710 3347 1950 3414 civitati
1988 3348 2243 3414 Anaxa-

367 3462 1026 3552 goreamadhibuerat
1059 3462 1349 3529 Pericles.
1397 3539 1406 3544 ,

419 3581 903 3665 -Eloquentiam
960 3599 1128 3646 nunc
1194 3580 1391 3663 ipsam
1438 3595 1842 3664 spectamus:
1923 3580 2002 3648 de
2068 3580 2243 3649 Rhe-

368 3701 568 3767 torica
609 3699 767 3766 alius
820 3697 1006 3763 nobis
1059 3697 1351 3781 deinceps
1393 3698 1512 3774 erit
1552 3696 1801 3763 dicendi
1837 3697 2041 3766 locus.
2110 3699 2243 3767 Ve-

373 3831 720 3883 rumtamen
779 3833 863 3883 ne
916 3817 1037 3880 hoc
1096 3813 1277 3882 etiam
1334 3816 1481 3880 loco
1550 3814 1696 3882 haec
1753 3835 2017 3901 prorsus
2063 3814 2247 3881 omit-

370 3929 565 4002 tenda
600 3933 874 4002 videtur.
941 3932 1106 3999 Nam
1124 3979 1149 4016 ,
1193 3931 1319 4000 nisi
1358 3932 1519 4000 artis
1546 3930 1881 4000 intercedat
1919 3930 2197 3999 studium
2214 3980 2244 4014 ‚

381 4050 679 4122 exsistere
737 4069 778 4120 e
810 4048 1219 4137 philosophia
1270 4046 1633 4133 eloquentia
1659 4063 1788 4117 non
1828 4060 2066 4136 potest.
2125 4048 2252 4115 lta*

1095 4187 1102 4194 ·
2124 4175 2257 4248 que
