2900 4817
1028 480 1382 545 ...97,...

269 660 460 725 quam
515 640 774 707 maxime
815 659 961 710 cum
1019 643 1309 732 Socrates
1335 687 1360 723 ,
1423 654 1557 709 tum
1588 638 1952 725 praesertim
1992 640 2130 709 1³11·

266 771 340 822 to
376 756 736 841 probaverit
783 758 1204 842 eloquentiam
1223 804 1248 838 ‚
1317 756 1841 843 perspiceer'nus.
1926 754 2126 843 Quod

262 892 457 955 sane,
523 875 645 941 nisi
703 874 1018 943 Socratica
1075 878 1402 959 perspecta
1457 875 1789 960 disciplina
1851 872 2121 960 intelligi

260 1007 393 1054 non
445 1003 707 1072 potest:
755 1005 966 1074 patere
998 1005 1205 1057 autem
1246 1009 1325 1059 eo
1367 991 1759 1060 manifestius
1817 992 2067 1061 videtur
2088 1040 2116 1075 ‚

261 1123 397 1187 quo
436 1104 633 1188 ipsam
670 1108 841 1189 'apud
881 1107 1164 1175 Graecos
1209 1108 1606 1192 eloquentiae
1646 1108 1969 1176 historiam
2007 1129 2120 1178 ex·

257 1222 719 1308 ploraverimus
771 1223 1157 1310 diligentius.
1262 1224 1388 1292 Sed
1449 1224 1593 1291 licet
1634 1209 1826 1291 'nobis
1881 1242 1961 1292 ex
2015 1242 2117 1292 ea·

260 1340 404 1406 dem
471 1339 894 1423 disputatione
970 1341 1087 1407 alia
1148 1341 1296 1409 item
1357 1341 1622 1408 efficere.
1736 1341 2062 1410 Efficimus
2084 1390 2111 1426 ,

261 1454 418 1539 quid
479 1456 707 1525 Cicero
765 1460 1185 1542 spectaverit,
1265 1477 1465 1544 quum
1530 1477 1671 1525 esse
1713 1459 2115 1527 contenderet

256 1590 567 1642 oratorem
646 1574 993 1661 perfectum
1016 1623 1041 1657 ‚
1135 1577 1273 1642 sine
1336 1575 1548 1641 studio
1623 1574 2066 1658 philosophiae
2085 1622 2114 1657 ,

256 1709 388 1758 non
434 1710 659 1775 posse:
710 1691 775 1737 ⁰>
823 1690 1158 1773 efficimus,
1226 1692 1380 1775 quid
1431 1710 1688 1759 caussae
1749 1708 1887 1758 esse
1942 1710 2119 1776 prae-

252 1811 441 1895 cipue
508 1807 835 1889 videntur,
918 1822 991 1873 ut
1012 1854 1036 1889 ‚
1122 1808 1342 1892 prouti
1409 1809 1872 1876 Demosthenes
1944 1810 2114 1894 apud

190 1899 206 1918 ⁸
256 1927 539 1993 Graecos
562 1972 586 2006 ,
646 1924 732 1991 ita
785 1926 952 2009 apud
1007 1926 1333 1992 Romanos
1401 1925 1563 1993 idem
1637 1926 1815 1993 hicce
1880 1925 2110 1995 Cicero

251 2044 651 2128 eloquentiae
707 2043 1121 2128 principatum
1196 2040 1567 2109 obtinuerit.
1692 2043 1818 2109 Est
1868 2042 2109 2110 scilicet

255 2164 514 2229 omnino
561 2176 724 2228 arcta
768 2160 1060 2243 quaedam
1088 2205 1113 2240 ,
1155 2172 1229 2225 ut
1270 2158 1375 2236 ille
1406 2158 1567 2226 vidit
1597 2206 1621 2241 ‚
1665 2159 2108 2245 philosophiae

248 2296 314 2349 et
361 2279 757 2362 eloquentiae
819 2275 1256 2344 necessitudo:
1304 2276 1469 2358 ipse·
1529 2289 1735 2341 autem
1796 2296 1832 2342 a
1883 2281 2105 2344 tenera

248 2411 449 2465 aetate
503 2394 1062 2480 praestantissimos
1125 2393 1400 2460 Athenis
1454 2393 1877 2478 philosophos
1927 2394 2103 2461 audi·
2142 2382 2163 2391 ⁸

251 2528 468 2594 verat,
531 2527 597 2579 et
649 2530 800 2578 vero
826 2558 851 2593 ,
912 2510 1076 2576 unde
1125 2508 1405 2577 fructum
1462 2511 1746 2595 percepit
1803 2511 1880 2577 ad
1940 2511 2103 2578 bene

246 2632 577 2699 dicendum
653 2627 1001 2695 uberiorem
1060 2627 1240 2693 etiam
1268 2674 1292 2708 ‚
1379 2632 1690 2694 nocturna
1750 2629 2102 2713 diurnaque

137 2751 146 2758 ’
243 2769 431 2818 manu
482 2746 714 2830 scripta
774 2760 1128 2810 versaverat
1171 2744 1488 2812 Platonisz
1532 2744 1766 2827 quibus
1824 2746 1916 2811 sic
1956 2765 2103 2830 cap-

241 2887 351 2950 tus
410 2880 547 2945 est,
576 2873 685 2929 'ut
747 2859 1133 2930 Socraticum
1188 2878 1258 2927 se
1304 2873 1369 2926 et
1424 2861 1811 2928 Platonicum
1879 2860 2102 2930 fatere-

235 3005 389 3066 tur,
433 2984 568 3064 sic,
633 2979 847 3047 iisdem
902 2975 1217 3063 legendis,
1285 2976 1604 3043 Socratica
1655 2991 1720 3043 et
1782 2977 2099 3045 Platonica

238 3097 650 3191 philosophia
698 3095 975 3162 imbutus
1036 3111 1179 3175 est,
1263 3108 1336 3160 ut
1357 3140 1381 3174 ‚
1450 3093 1507 3159 si
1571 3093 1712 3176 quis
1777 3095 2096 3163 Romano·

235 3241 375 3288 rum
433 3217 636 3297 alius,
679 3214 820 3298 ipse
872 3210 1058 3278 nobis
1112 3211 1406 3277 dicendus
1448 3212 1878 3278 Romanorum
1912 3213 2090 3279 Plato

234 3339 547 3406 videatur.
655 3331 845 3398 Hunc
897 3329 962 3394 in
1014 3330 1267 3394 modum
1321 3328 1646 3393 institutus
1673 3374 1696 3407 ‚
1758 3329 1858 3394 his
1916 3328 2097 3411 quasi

235 3450 548 3522 alimentis
619 3462 835 3532 pastus
893 3462 958 3512 et
1014 3445 1461 3512 corroboratus
1486 3490 1509 3523 ‚
1601 3463 1792 3525 quum
1865 3444 2096 3513 inesset

234 3573 294 3639 ei
357 3569 582 3636 natura
654 3562 914 3630 facultas
989 3561 1232 3628 dicendi
1303 3559 1679 3631 admirabilis
1742 3562 2035 3642 quaedam
2066 3611 2091 3645 ,

236 3702 530 3772 superare
580 3680 758 3746 facile
809 3696 1083 3745 caeteros
1145 3693 1466 3757 oratoreS‚
1554 3679 1838 3760 quamvis
1903 3679 2094 3747 diser-

233 3819 381 3884 tos,
424 3797 681 3883 potuit,
726 3795 958 3879 quibus
994 3794 1131 3862 talis
1177 3793 1487 3862 defuisset
1516 3794 1856 3861 institutio.
1922 3797 2092 3879 Sed,

1967 3933 2097 3997 quo

307 4053 390 4131 (ι)
428 4050 546 4105 cic.
581 4048 739 4102 Orat.
770 4064 820 4102 c.
854 4047 888 4099 5
921 4054 976 4099 et
1006 4047 1059 4103 ⁴.
1113 4120 1125 4133 ⁸

1122 4145 1189 4215 G
