2900 4817
1515 403 1867 481 *48*-

796 582 894 648 'Ita
957 578 1073 649 im.
1160 575 1376 648 Nobis
1435 593 1673 661 autem,
1733 593 1807 647 ut
1864 575 2062 661 haec,
2145 583 2434 665 quamvls
2495 601 2604 652 exa

722 699 888 765 celsa
943 714 1008 764 et
1086 697 1377 764 sublimia
1399 745 1423 779 ‚
1507 698 1931 781 qualicunque
1992 698 2233 768 ratione
2308 721 2599 786 assequa-

724 833 869 883 mur
889 862 913 896 ‚
995 814 1161 881 idem
1220 816 1302 881 de
1360 815 1516 881 bono
1583 813 2030 898 exquirendum
2090 809 2451 903 singulatim
2503 820 2596 886 vi·-

720 936 905 1001 detur
925 981 947 1013 .‚
1011 931 1183 1013 qu‘od
1247 932 1326 997 de
1385 930 1544 1000 ideis
1595 932 1888 999 universe
1944 933 2369 1014 quaesivimus
2391 981 2419 1020 ,
2463 955 2598 1020 quo

724 1049 987 1114 maxime
1038 1048 1159 1111 hoc
1216 1047 1514 1129 placitum
1575 1048 1858 1113 Platonis
1904 1052 2234 1132 pertineat&
2320 1051 2594 1141 Intelligi

720 1166 788 1230 id
848 1164 1317 1246 quodammodo
1376 1179 1456 1229 ex
1514 1163 1781 1232 historia
1834 1166 2278 1250 philosophiae
2331 1172 2588 1254 poterit.

718 1284 885 1352 Nam
931 1279 1249 1366 persecuti
1304 1280 1546 1364 posteri
1603 1280 1902 1348 videntur
1921 1323 1945 1364 ‚
1991 1286 2166 1367 quod
2205 1285 2476 1369 primum
2527 1288 2593 1355 in

716 1399 820 1472 his
880 1415 1218 1481 aggressus
1281 1397 1461 1463 Phto
1533 1412 1632 1464 est
1654 1445 1677 1480 ,
1736 1418 1931 1481 quum
2004 1401 2090 1468 de
2130 1399 2366 1486 finibus
2413 1406 2595 1473 bimo«-

716 1535 861 1585 rum
898 1531 959 1583 et
1001 1516 1312 1582 malorum
1364 1516 1502 1582 sive
1555 1515 1636 1582 de
1686 1530 1918 1584 summo
1979 1517 2131 1586 bono
2174 1519 2584 1604 inquirerent.

712 1636 843 1704 Sed
884 1652 1011 1701 rem
1067 1653 1104 1699 a
1146 1629 1518 1717 ‘principi0‚
1562 1632 1640 1698 ab
1695 1632 1843 1718 ipso
1889 1635 2150 1702 Socrate
2201 1651 2584 1721 repetamus,

650 1817 657 1826 ,
799 1754 953 1820 Duo
1006 1751 1156 1815 haec
1214 1746 1518 1828 fuerunt,
1580 1766 1741 1829 quae
1798 1741 2311 1832 frequentissime
2359 1772 2585 1837 parens

703 1864 1153 1955 philosophiae
1206 1864 1270 1928 in
1317 1863 1831 1948 philosophando
1884 1882 2217 1952 usurparet
2241 1915 2267 1953 ,
2308 1876 2398 1943 τὸ
2451 1900 2490 1941 x
2509 1899 2588 1943 a·

706 1988 857 2056 ·λόν
929 1999 1019 2052 τε
1091 1982 1229 2049 καὶ
1297 1984 1656 2061 ἀγαθὸν,
1709 1981 2004 2068 pulcrum
2066 1998 2132 2051 et
2187 1984 2449 2068 boram,
2516 1985 2584 2053 in

702 2098 928 2185 primis
968 2111 1124 2164 vero
1163 2095 1410 2163 bonum,
1499 2096 1773 2181 Operam
1823 2100 1982 2166 dare‘
2023 2100 2373 2185 discipulos
2421 2123 2580 2170 suos

694 2216 892 2285 etiam
931 2229 1125 2298 atque
1171 2212 1360 2281 etiam
1399 2214 1701 2299 jubebat,
1751 2230 1824 2282 ut
1871 2217 1951 2283 de
2007 2219 2196 2286 rebus
2239 2222 2476 2304 pulcris
2511 2237 2579 2290 et

702 2335 1003 2421 turpibus
1025 2381 1050 2415 ‚
1134 2331 1531 2415 maximeque
1585 2334 1664 2401 de
1723 2332 1912 2400 bonis
1963 2350 2030 2402 et
2080 2338 2257 2405 malis
2323 2351 2576 2423 quaerek

700 2465 883 2520 reutz
931 2450 1042 2535 qui
1083 2464 1292 2517 autem
1343 2449 1421 2514 ad
1486 2449 1648 2515 vitae
1711 2450 2103 2519 honestatem
2147 2456 2571 2540 virtutemque

693 2572 829 2638 ¹hoe·
883 2567 1025 2651 ipso
1086 2566 1300 2636 studio
1363 2581 1816 2652 pervenerant,
1876 2568 2022 2636 illos
2081 2569 2215 2638 fere
2260 2576 2573 2659 appellare
2653 2589 2658 2598 ·

701 2690 923 2764 καλούς
964 2713 1039 2756 τε
1067 2686 1169 2756 καὶ
1198 2688 1463 2767 ἀγαθοὺς
1502 2685 1772 2751 solebat.
1859 2685 2245 2755 Enarrartmt
2283 2689 2347 2755 id
2377 2689 2567 2757 nobis

704 2801 1005 2871 Socratici
1028 2848 1053 2882 ‚
1114 2801 1474 2885 Xenophon
1509 2801 1575 2867 in
1628 2802 2141 2872 Memorabilibus
2160 2852 2185 2886 ‚
2232 2807 2296 2872 in
2349 2808 2573 2893 pleris-

702 2939 831 3006 que
889 2918 1154 3005 dialogis
1205 2920 1383 2986 Plato
1408 2965 1433 2999 ‚
1520 2917 2000 3004 diligentissime
2054 2937 2272 3014 autem
2323 2925 2572 2991 studio·

604 3084 612 3094 ·
693 3036 1072 3120 sissimeque
1125 3037 1530 3120 Xenophon,
1616 3036 1729 3118 qui
1773 3037 1915 3122 ipse
1950 3039 2139 3108 nobis
2204 3041 2269 3106 in
2308 3043 2562 3125 scriptis

698 3156 994 3222 omnibus
1058 3154 1329 3239 germani
1388 3153 1731 3236 Socratici,
1816 3156 1944 3221 imo
1990 3157 2190 3243 ἄνδρας
2249 3161 2440 3228 καλοῦ
2492 3179 2564 3231 τε

700 3271 803 3342 ‚222
842 3276 1076 3355 azymo
1126 3286 1420 3353 expressa
1469 3269 1680 3355 imago
1725 3284 1850 3338 est·
1935 3272 2157 3357 Itaque
2193 3273 2564 3360 philosophi

662 3390 786 3455 ·ssli
855 3404 981 3455 tam
1046 3389 1113 3454 in
1173 3386 1536 3454 hominibus
1603 3388 1919 3456 laudandis
1943 3435 1968 3472 ‚
2055 3391 2222 3474 quos
2306 3392 2567 3459 admira·-

689 3509 920 3574 bantur
941 3549 975 3588 ς
1011 3525 1195 3588 quam
1245 3504 1312 3572 in
1366 3505 1886 3573 commendandis
1956 3506 2185 3574 studiis
2245 3509 2564 3592 rebusque

688 3622 949 3707 optimis
971 3668 996 3702 ‚
1052 3636 1391 3704 utrumque
1428 3622 1587 3688 illud
1609 3668 1632 3702 ,
1677 3634 1742 3689 et
1784 3624 2084 3710 pulcrum
2140 3638 2206 3691 et
2251 3645 2407 3694 vero
2457 3628 2559 3694 bv-

678 3758 837 3804 ·num
895 3736 1314 3804 celebrabant.
1444 3737 1704 3823 Agatho
1758 3738 1928 3823 apud
1998 3740 2320 3809 Platonem
2343 3790 2368 3824 ‚
2441 3743 2557 3810 ubi

654 3873 952 3928 amntem
979 3901 1004 3935 ‚
1085 3835 1470 3937 qualisssit,
1523 3853 1958 3939 exquisiturus
2010 3859 2559 3944 discripturusque

681 3989 778 4041 est
807 4021 829 4055 ‚
906 3973 1359 4063 pulcerrimum
1419 3993 1563 4039 eum
1623 3989 1686 4040 et
1746 3976 2042 4062 optimum
2088 3993 2235 4042 esse
2254 4023 2280 4060 ‚
2355 3978 2563 4048 cont'i-

2443 4112 2564 4161 nu-
