2900 4817
1107 484 1464 564 -69-··

344 661 813 748 philosophiam
844 710 869 746 ‚
951 662 1354 747 philosophia
1409 676 1619 733 autem
1674 642 1908 745 officit,
1974 677 2045 730 ut
2101 650 2217 731 m‘i-

343 780 463 846 rari
515 782 909 867 desinamus:
1001 784 1178 865 quod
1239 796 1603 849 caussarum
1668 782 1968 848 scientiae
2027 780 2215 847 debe·

342 914 482 962 mus
527 895 641 965 (ι).
688 896 827 962 Hac
875 914 997 963 nos
1040 896 1209 964 facili
1254 918 1323 962 ac
1386 897 1723 982 perspicua
1758 897 2001 964 ratione
2035 897 2214 964 Aris·

337 1013 609 1095 toteles‚
696 1015 879 1098 cujus
942 1012 1214 1080 nativam
1281 1012 1745 1096 simplicitatem
1817 994 2067 1079 Socrati
2138 1030 2207 1077 ac

331 1129 579 1199 Platoni
648 1129 909 1212 debuit,
972 1132 1049 1196 ad
1115 1130 1407 1198 sublimia
1447 1130 1551 1197 illa
1604 1146 1668 1198 et
1722 1148 1964 1198 summa
2019 1114 2211 1197 addu-

336 1245 473 1329 cit,
519 1266 683 1331 quae
747 1249 1182 1333 cognoscenda
1248 1266 1391 1315 esse
1468 1248 1883 1333 philosopho'
1935 1251 2159 1317 statuit
2185 1297 2207 1329 ,

336 1380 411 1431 ut
452 1363 617 1432 idem
673 1365 799 1431 dici
855 1369 1039 1451 σοφὸς
1095 1364 1350 1448 possit,
1414 1366 1462 1433 i.
1531 1382 1590 1432 c.
1656 1366 1734 1431 ad
1797 1384 2005 1433 rerum
2071 1386 2210 1431 om-

332 1483 507 1550 nium
533 1528 559 1564 ,
622 1497 747 1549 tam
808 1484 1155 1547 divinarum
1225 1501 1410 1564 quam
1478 1484 1885 1549 humanarum
1939 1488 2055 1560 τὰς
2097 1490 2203 1568 ἆρ-

336 1603 466 1686 χᾶς
505 1602 608 1671 καὶ
661 1572 783 1677 τὰς.
824 1602 1025 1676 αἰτίας
1069 1602 1411 1685 ἀκροτάτας
1466 1599 1791 1683 perveniat
1816 1647 1840 1680 ,
1887 1617 1931 1665 e
1962 1600 2199 1681 quibus

330 1716 455 1784 sibi
503 1734 605 1783 res
660 1716 831 1803 ipsas
888 1715 1167 1801 singulas
1228 1715 1591 1801 singulatim
1647 1717 1946 1800 explicet.
2071 1716 2205 1784 Ve‘-

331 1852 469 1900 rum
533 1832 831 1919 princeps
887 1834 1035 1900 haec
1105 1832 1392 1899 doctrina
1462 1834 1666 1917 qualis
1740 1835 2009 1901 tandem.
2048 1849 2149 1902 est
2174 1837 2208 1902 ἲ

331 1952 503 2031 unde
550 1950 616 2018 in
667 1951 888 2036 primis
946 1952 1102 2017 hanc
1156 1950 1595 2033 praestantiam
1653 1951 1889 2018 habet?
1934 1969 2068 2035 quo
2113 1967 2213 2020 est

329 2071 666 2156 proposito
750 2069 1067 2137 tractanda
1087 2068 1120 2133 2
1206 2070 1279 2135 Id
1360 2086 1399 2134 e
1472 2070 1960 2136 theoreticae-um
2038 2071 2206 2153 apud

329 2188 779 2268 Aristotelem,
847 2206 1006 2270 quas
1052 2200 1239 2253 vocat
1262 2233 1287 2268 ,
1345 2185 1768 2252 doctrinarum
1817 2190 2041 2252 natura
2102 2186 2210 2252 de·

331 2302 688 2372 'clarandum
751 2317 875 2370 est.
2126 2384 2131 2395 ι
2184 2314 2190 2323 ·

405 2424 577 2491 Nam
639 2422 877 2505 duplex
916 2435 1016 2489 est
1059 2422 1225 2506 apud
1279 2441 1421 2490 cum
1479 2420 1902 2488 doctrinarum
1957 2426 2200 2507 genus,

328 2558 592 2624 quarum
647 2541 908 2607 alterum
978 2540 1261 2607 continet
1317 2554 1643 2623 quotquot
1688 2555 2061 2626 praeparant
2123 2542 2202 2607 ad

325 2658 650 2727 veritatem
708 2671 772 2723 et
826 2658 1180 2724 scientiam:
1232 2659 1558 2741 organicae
1602 2660 1996 2742 appellantur
2053 2659 2198 2723 vul·

309 2756 456 2867 3⁰⁹
499 2775 566 2845 in
613 2773 849 2856 quibus
908 2789 1061 2841 sunt
1107 2775 1465 2856 dialectica,
1531 2774 1892 2856 rhetorica,
1934 2773 2195 2858 poesis}

323 2904 668 2956 tractantur
715 2888 857 2955 illae
912 2893 1122 2966 ἁπλῶς
1147 2937 1171 2970 ,
1239 2893 1475 2972 ἕνδοξῶς
1501 2942 1520 2966 ,
1587 2895 1840 2967 πιθανῶς
1863 2937 1888 2972 ,
1953 2886 2194 2971 κοινῶςζ

319 3010 584 3076 alterum
646 3025 801 3073 vero
855 3024 1055 3091 genus
1101 3008 1366 3091 majores
1425 3008 1605 3088 illas,
1673 3010 1790 3085 τὰς
1845 3011 2199 3092 θεωρητικὰς

279 3163 286 3170 -
322 3124 797 3209 complectiturt
847 3123 911 3188 in
965 3123 1064 3190 his
1117 3129 1376 3208 ἀκριβῶς
1405 3171 1427 3203 ,
1474 3130 1615 3195 κατ’
1654 3126 1982 3205 ἀλήθειαν,
2028 3129 2194 3194 κατὰ

319 3232 553 3331 Φύσιν,
619 3247 966 3323 θεολογικῶς
1027 3241 1231 3325 agitur
1295 3241 1410 3305 (η).
1523 3242 1691 3306 Sunt
1730 3226 1735 3231 ’
1769 3252 1979 3306 autem
2047 3239 2191 3305 illae

320 3374 497 3441 tres,
543 3376 810 3442 quarum
861 3357 1060 3436 haec,
1119 3377 1302 3439 quam
1365 3355 1770 3438 quaerimus,
1832 3374 2195 3423 caussarum

317 3475 580 3546 scientia
600 3522 625 3558 ,
682 3492 935 3541 ‘summa
991 3488 1113 3541 est.
1233 3478 1406 3548 Ὧςε
1478 3485 1637 3559 τρεῖς
1694 3477 1799 3571 ay,
1843 3472 1961 3544 εἷεν
2020 3482 2201 3559 Φιλο·

318 3578 529 3684 cominu
598 3596 982 3679 θεωρητικαὶ,
1064 3597 1457 3679 μαθηματικὴ
1477 3640 1502 3675 ,
1580 3598 1807 3679 φυσικὴ
1827 3639 1852 3674 ,
1936 3597 2200 3674 θεολογι-

1500 3806 1513 3817 ·
2094 3718 2191 3789 κὴ.

301 3888 308 3895 ·
386 3881 468 3951 (ι)
511 3879 684 3933 Arist·
719 3864 968 3947 metaph.
1009 3878 1057 3933 1.
1095 3879 1217 3931 init.
1330 3881 1411 3949 (α)
1451 3876 1600 3932 Loca
1639 3854 1959 3932 Aristotelis
1985 3915 2001 3942 ‚
2062 3876 2196 3959 qui-

316 3979 419 4031 bus
443 3977 583 4033 'haec
637 3986 972 4044 occurrunt,
1027 3979 1242 4034 notavit
1295 3980 1465 4032 Buhl.
1502 3979 1567 4032 de
1605 3975 1780 4033 libris
1813 3979 1998 4032 Arist.
2043 3985 2195 4030 exet.

316 4086 378 4130 οἱ
411 4094 654 4132 acroam.
687 4079 746 4132 in
781 4077 890 4132 Ed.
926 4075 1058 4133 vot.
1096 4079 1145 4132 l.
1177 4096 1236 4148 p.
1272 4079 1372 4135 142
1408 4085 1468 4132 ct
1507 4078 1626 4132 143.
