2900 4817
1154 469 1545 547 ...13—‘'

391 695 741 766 germanam
794 675 1289 763 philosophandi
1348 676 1656 742 rationem
1708 693 1842 744 non
1896 679 2069 745 ultro
2117 697 2264 764 per-

388 795 717 882 spexerit3
763 791 1140 861 vaticinatus
1176 792 1280 860 his
1316 791 1451 860 fere
1495 793 1790 862 Socrates
1830 807 1970 876 est,
2017 795 2131 880 qui
2172 798 2264 862 la-

384 928 561 980 tant
613 912 683 979 in
734 929 1076 996 puerorum
1127 910 1353 978 animis
1413 910 1724 997 igniculi,
1800 910 1958 995 quid
2023 911 2270 981 discere

386 1030 520 1113 sit,
562 1028 730 1116 quid
760 1026 925 1096 effici
968 1027 1261 1096 docendo
1299 1027 1561 1110 debeat,
1604 1028 1784 1113 quod
1822 1028 1959 1096 veri
1999 1028 2088 1097 sit
2127 1049 2270 1098 ora·

390 1146 556 1218 toris
597 1144 1105 1233 scriptorisque,
1167 1145 1343 1230 quod
1406 1144 1613 1212 omnis
1647 1144 2096 1232 philosophiae
2130 1166 2275 1215 mu·

389 1286 515 1338 nus
573 1262 1057 1352 gravissimum3
1104 1262 1215 1329 secl
1238 1308 1264 1345 ‚
1308 1281 1446 1348 quo
1491 1261 1559 1329 id
1607 1261 1721 1330 fiat
1782 1261 2081 1330 omnibus
2139 1264 2277 1332 evi-

391 1381 647 1454 dentius
664 1428 692 1463 ,
753 1397 892 1467 quo
938 1377 1006 1445 id
1068 1377 1435 1465 perspicere
1474 1376 1741 1444 interius
1780 1378 2084 1446 mutieres
2124 1379 2279 1448 doc-

391 1497 721 1584 tioresque
753 1495 1048 1583 possint,
1090 1513 1175 1566 ex
1221 1492 1488 1562 caeteris
1545 1492 1830 1561 Platonis
1889 1493 2148 1581 scriptis
2189 1495 2292 1564 di·

392 1616 790 1704 ligentiorem
863 1628 1157 1699 petemus
1215 1609 1695 1698 plenioremque
1775 1609 2000 1677 harum
2070 1630 2282 1680 rerum

396 1731 938 1822 disquisitionem.
1023 1725 1435 1815 Diligentiam
1471 1724 1716 1794 scilicet
1762 1722 1830 1790 in
1871 1722 2044 1791 omni
2098 1743 2287 1811 argu·

396 1864 613 1920 mento
649 1847 979 1917 tractando
1016 1845 1302 1933 postulat
1335 1841 1802 1931 philosophia3
1846 1840 1962 1909 sed
2015 1853 2154 1912 tum
2211 1840 2283 1910 in

404 1965 631 2054 primis
650 2012 677 2051 ‚
739 1962 855 2031 ubi
909 1962 993 2032 ad
1050 1960 1253 2050 ipsam
1311 1978 1436 2029 nos
1495 1961 1725 2028 ducere
1792 1957 2122 2029 veritatem
2172 1977 2286 2027 co·

400 2099 614 2154 mtur-

658 2461 1015 2532 omos-un·
1072 2477 1135 2531 ee
1174 2460 1613 2550 Sophistarum
1654 2462 1733 2531 de
1772 2464 2055 2556 opim'one

991 2591 1058 2648 ee
1117 2581 1389 2649 scienda
1437 2580 1720 2673 placita.

501 2960 627 3031 Sed
683 2961 1064 3051 ingressuris
1123 2959 1285 3060 inane
1346 2956 1864 3045 disquisitionem
1891 3004 1917 3041 ‚
1974 2957 2160 3025 ecce!
2204 2961 2295 3026 si-

412 3079 567 3150 mile
618 3099 791 3149 nune
849 3078 1042 3148 nobis
1096 3076 1329 3147 accidit
1390 3090 1590 3161 atque
1634 3074 1704 3142 in
1750 3073 2099 3160 superioris
2166 3073 2297 3141 dis-

409 3199 773 3290 putationis
832 3196 1146 3284 ingressu.
1233 3191 1410 3261 Tum
1474 3190 1746 3277 Lysiam
1814 3192 1996 3260 Plato
2056 3190 2295 3278 objecit

409 3316 602 3387 nobis
623 3362 650 3401 ‚
693 3313 810 3401 qui
853 3311 933 3380 ab
973 3329 1183 3379 amore
1233 3310 1624 3395 praeciperet
1676 3324 1860 3376 caute
1918 3327 2060 3376 esse
2101 3307 2300 3375 absti-

408 3434 690 3504 nendum
716 3479 742 3515 ,
785 3430 1030 3518 quippe
1081 3427 1358 3497 insaniae
1393 3428 1588 3515 pleno
1645 3441 1710 3495 et
1756 3426 1953 3494 noxio
2012 3426 2294 3493 mortali-

418 3550 571 3620 bus.
674 3547 1040 3617 simillimae
1099 3546 1331 3614 indolis
1408 3544 1699 3613 homines
1777 3557 1929 3611 sunt
1959 3591 1982 3624 ‚
2066 3543 2298 3627 pariter

408 3672 711 3758 laevem,
744 3643 937 3733 'omni
966 3663 1211 3754 ,pariter
1258 3644 1552 3730 destituti
1617 3660 2021 3729 sublimitatis
2060 3680 2296 3745 sensu,

418 3787 806 3874 quibuscum
857 3782 963 3852 hic
1003 3781 1190 3848 nobis
1244 3783 1556 3866 agendum
1617 3780 1770 3848 erit:
1842 3797 2121 3848 oratores
2186 3798 2304 3847 vo-

417 3917 643 3974 cantur
690 3901 846 3970 item
867 3946 897 3984 ,
960 3898 1264 3967 accedunt
1309 3912 1517 3966 autem
1584 3900 1896 3986 sophistae
1918 3920 1947 3965 .·
1988 3896 2308 3966 similiter-

421 4036 557 4108 que
611 4018 685 4090 hi
749 4015 942 4087 nobis
963 4062 991 4101 ‚
1051 4033 1274 4087 verum
1338 4033 1513 4085 nunc
1568 4013 1931 4102 petentibus
1950 4062 1979 4101 ‚
2064 4015 2308 4083 adium

645 4141 658 4155 “
2171 4141 2311 4197 stu-
