2900 4817
1014 495 1417 564 ..ηρ-.-

270 651 427 732 debr)
460 659 818 744 irenaeum-ae
840 713 862 741 ,
906 668 1013 736 ἐὰν
1052 663 1234 750 ἅπαξ
1275 678 1353 751 τῇ
1401 672 1585 751 ψυχῇ
1620 664 1954 754 περιλάβῃ·
1999 670 2161 744 τᾶν-

268 801 389 846 των
454 783 576 864 γὰρ
621 783 684 850 ἐν
732 783 1152 867 βραχυτάτοις
1200 793 1424 853 κεῖται.
1513 781 1670 849 Non
1717 779 1880 849 enim
1936 802 2158 855 veren-

261 889 416 957 dum
441 938 466 974 ,
509 914 585 959 ne
642 900 783 982 quis
821 897 996 963 illud
1036 897 1443 967 obliviscatur
1457 945 1482 980 ,
1546 902 1606 965 sl
1615 943 1619 951 -
1649 900 1837 966 semel
1868 918 2155 991 concepe-

263 1015 356 1077 rit
418 1016 629 1079 animo
650 1035 678 1079 .·
762 1033 911 1080 nam
977 1019 1251 1082 omnium
1302 1018 1703 1105 paucissimis
1759 1020 2144 1088 contimtum

266 1128 628 1196 Commotis
684 1129 847 1196 enim
913 1129 979 1195 in
1034 1130 1288 1213 animo,
1356 1127 1470 1213 qui
1527 1132 1763 1215 latent,
1808 1133 2145 1219 igniculis,

264 1246 449 1311 ardor
471 1293 496 1328 ,
543 1247 656 1330 qui
717 1246 866 1313 inde
922 1245 1174 1314 exsistit
1221 1244 1288 1316 et'
1348 1249 1529 1333 quasi
1590 1249 1753 1336 ignis
1811 1245 2010 1320 semet
2045 1251 2146 1340 ip-

264 1380 334 1431 se
368 1363 506 1432 alit.

342 1479 471 1551 Sed
528 1481 695 1550 dicat
752 1480 855 1549 hic
914 1481 1183 1565 aliquis:
1270 1481 1528 1567 scripsit
1590 1496 1798 1550 tamen
1854 1482 2141 1571 dialogos

257 1597 483 1682 Plato,
506 1616 670 1682 quos
707 1618 878 1666 nunc
926 1598 1221 1684 legimus·
1326 1600 1400 1667 Id
1424 1618 1578 1667 vero
1598 1646 1623 1682 ,
1669 1620 1712 1666 o
1749 1599 1960 1683 bone,
2007 1611 2175 1671 non'

256 1731 444 1802 negat
473 1717 542 1785 in
579 1717 853 1804 epistola
872 1716 981 1785 illa
1006 1734 1267 1785 auctor-2
1292 1717 1451 1785 dixit
1488 1717 1645 1785 adeo
1673 1763 1699 1800 ,
1747 1735 1907 1802 quae
1944 1721 2141 1808 ipsiu}

257 1832 513 1903 nomine
553 1834 787 1919 scripta
809 1834 1171 1917 ferrentur,
1214 1835 1367 1902 haec
1402 1836 1679 1903 Socratis
1718 1853 1885 1904 esse.
1948 1836 2147 1927 Quod

258 1965 322 2019 et
364 1966 516 2020 vere
554 1948 1043 2035 pronunciavit:
1091 1967 1232 2017 nam
1300 1963 1451 2016 sunt
1512 1947 1773 2018 omnino
1823 1967 1983 2035 quae
2022 1971 2144 2020 no-

253 2068 355 2136 bis
408 2068 643 2154 scripta
694 2063 950 2151 reliquit
974 2114 999 2150 ,
1069 2066 1377 2134 Socratici
1435 2086 1801 2138 sermones:
1866 2083 1932 2138 et
1989 2088 2143 2150 sane

257 2189 351 2255 sic
404 2185 845 2271 pronunciavit
870 2231 895 2267 ,
943 2199 1053 2266 ut,
1099 2185 1254 2268 quid
1302 2167 1382 2251 cle
1424 2186 1563 2270 ejus
1599 2186 1863 2272 dialogis
1922 2187 2141 2254 existi-

257 2306 550 2372 mandum
581 2302 733 2384 -sit,
796 2301 1227 2370 declaraverit.
1317 2298 1486 2368 Nam
1536 2319 1635 2368 res
1702 2301 1997 2386 profoeto
2041 2304 2131 2371 ita

253 2442 326 2490 se
379 2422 612 2489 habet:
663 2439 825 2504 quae
875 2419 1013 2488 sive
1048 2440 1082 2485 a
1126 2419 1385 2485 Socrate
1437 2418 1576 2486 sive
1627 2417 1703 2485 ab
1762 2417 1898 2486 aliis
1953 2439 2131 2489 acce·

253 2553 429 2625 perat
486 2539 625 2605 sive
682 2551 1010 2622 pepererat
1064 2535 1245 2619 ipse,
1329 2536 1445 2602 hac
1527 2533 1845 2603 scribendi
1889 2536 2132 2606 ratione

248 2656 527 2740 posteris
576 2656 851 2722 tradidit.
960 2655 1104 2741 Qua
1167 2654 1234 2719 in
1293 2671 1405 2750 re,
1453 2654 1629 2736 quod
1688 2655 1768 2721 de
1824 2655 2129 2760 magistro

250 2776 575 2853 diximus,
659 2772 819 2838 nihil
873 2783 1016 2838 eum
1069 2772 1277 2853 magni
1328 2790 1691 2855 aggressum
1748 2773 2133 2856 pollicitum·

252 2910 425 2975 que,
489 2888 755 2957 maxima
832 2886 1219 2971 perfecisse,
1282 2888 1536 2954 eandem
1593 2890 1993 2972 agnoscimus
2060 2891 2127 2957 in

244 3008 564 3093 discipulo
607 3020 671 3074 et
721 3005 1182 3089 simplicitatem
1226 3020 1289 3073 et
1333 3005 1658 3072 virtutem.
1746 3006 1909 3072 Nam
1956 3007 2126 3074 hunc

247 3127 310 3193 in
358 3125 614 3192 modum
644 3122 901 3206 scripsit
948 3122 1304 3189 Socraticos
1356 3140 1679 3191 sermones
1704 3171 1729 3206 ,
1775 3141 1892 3206 ut,
1939 3143 2123 3207 quam

241 3245 309 3312 in
366 3242 649 3311 Phaedro
702 3240 1162 3307 commendavit
1210 3240 1523 3308 scribendi
1578 3239 1917 3325 rationem,
1977 3259 2123 3311 cum

242 3361 392 3447 ipso
453 3357 782 3425 scribendo
840 3357 1120 3425 Phaedro
1143 3404 1167 3439 ,
1213 3369 1345 3424 tum
1394 3359 1655 3425 caeteris
1708 3360 1964 3444 scriptis
2022 3379 2129 3428 ex-

241 3476 579 3566 presserit:
638 3476 939 3558 quodque
995 3473 1154 3541 effici
1212 3475 1367 3543 dixit
1424 3467 1714 3542 familiari
1751 3478 1917 3542 vitae
1966 3495 2125 3543 con-

239 3587 584 3664 'suetudine
635 3592 1014 3688 mutuisque·
1052 3591 1503 3675 sermonibus,
1587 3590 1651 3657 id
1705 3592 1782 3658 iis
1845 3594 2122 3661 scriben-

239 3714 343 3780 dis
384 3713 452 3779 in
511 3708 735 3777 animis
778 3711 1084 3776 lectorum
1130 3709 1434 3777 effecerit.
1524 3709 1674 3798 Quo
1719 3709 1954 3778 factum
1981 3761 2006 3794 ,
2050 3729 2124 3781 ut

240 3827 460 3898 nullus
531 3826 750 3894 fuerit.
805 3826 873 3892 in
941 3828 1317 3910 antiquitate
1374 3825 1850 3912 philosophuS,
1937 3835 2120 3915 cujus

232 3945 481 4030 ,scripta
527 3946 606 4011 ad
664 3943 941 4025 quodvis
1004 3962 1205 4028 genus
1271 3944 1600 4013 hominum
1657 3927 1938 4014 veritatis
2002 3949 2131 4015 vir-

247 4061 535 4147 tutisque
573 4078 785 4146 amore
845 4058 1349 4134 inflammandum
1392 4061 1708 4133 valuerint
1763 4062 1967 4150 magis
1985 4111 2010 4146 ‚
2055 4066 2126 4133 in

1150 4175 1186 4244 1
1840 4234 1864 4247 ..
1995 4179 2123 4248 cla·
