2900 4817
1031 487 1123 512 ..-
1165 453 1288 536 185
1332 488 1449 510 ...⁴

301 635 559 705 damus
577 669 613 718 ,ι
647 633 942 703 iteramus
981 633 1160 718 quod
1216 633 1492 703 diximus
1513 679 1542 717 ‚
1583 645 1812 718 =sumn
1865 633 2204 710 nos-eui..

299 751 405 821 vis
437 772 446 782 ·
462 747 767 839 judicium
830 750 1229 835 relinquet-«23
1308 757 1539 822 verum.
1577 751 1682 822 sie
1716 750 2191 830 -nobisacturi

297 868 623 954 aptissime
667 868 1000 951 videmur,
1042 883 1152 951 ut,
1193 867 1253 935 si
1302 870 1506 958 opinio
1552 871 1872 954 quaeritur
1891 914 1920 952 ‚
1979 885 2019 937 a
2068 888 2182 936 so·
2275 891 2281 896 ·

198 1035 209 1043 -
300 986 534 1072 phistis
611 1003 962 1071 eorumque
1021 984 1339 1054 similibus
1409 984 1818 1072 philosophis
1841 1003 1859 1024 ·
1889 985 2184 1071 proficia-

258 1121 473 1173 'mus.
555 1104 725 1180 Nam
786 1102 986 1170 instar
1031 1122 1292 1185 eorum‚·
1370 1095 1540 1187 quos
1606 1105 1788 1173 Plato
1845 1110 2186 1193 φεληκοοὺς.

238 1267 243 1274 -
301 1232 368 1316 et
416 1222 862 1308 omonimus
901 1219 1133 1304 vocat,
1176 1240 1382 1289 rerum
1424 1220 1725 1292 videntur
1759 1223 2178 1308 peritissim13

302 1354 468 1421 quae
517 1337 789 1406 videndo
846 1338 1287 1422 audiendoque
1346 1338 1787 1425 percipiuntur
1809 1387 1837 1424 ,
1922 1339 2184 1425 ipsique

301 1455 495 1522 nobis
533 1456 912 1523 documento
948 1468 1136 1522 erunt
1154 1502 1180 1538 ‚
1225 1473 1415 1538 quam
1467 1474 1690 1539 parum
1737 1455 1823 1522 sit
1863 1469 1936 1524 et
1973 1455 2184 1538 sensif

304 1571 428 1639 bus
488 1585 555 1639 et
603 1572 839 1639 talibus
900 1571 1268 1640 hominibus
1331 1572 1411 1638 ad
1473 1547 1621 1640 *iera
1661 1572 2050 1655 assequenda
2104 1572 2184 1641 fi·

303 1689 410 1761 dei
436 1689 889 1764 tribuendum.
975 1690 1091 1757 Sin
1147 1692 1472 1757 scientiam
1504 1703 1570 1756 et
1599 1691 1941 1759 veritatem
1984 1707 2187 1773 quaes

180 1898 195 1910 ·
303 1796 502 1874 rimus
521 1854 547 1890 ,
608 1825 741 1874 non
782 1805 1128 1873 audiendos
1191 1808 1337 1888 illos
1395 1821 1744 1893 putemus:
1808 1819 1962 1873 sunt
2013 1807 2184 1878 enim

303 1924 528 1992 harum
596 1943 803 1991 rerum
869 1922 1066 2010 ignari
1130 1925 1342 2008 plane.
1449 1924 1589 1992 Im0
1666 1923 2008 1994 manebunt
2069 1922 2220 1998 isti·

306 2042 374 2110 in
416 2060 614 2128 specu
666 2040 780 2108 illo
843 2060 1013 2125 suo;
1057 2059 1180 2108 nos
1248 2060 1403 2112 vero
1461 2060 1610 2108 cum
1662 2041 2042 2110 Platone-in
2091 2044 2186 2110 al·-

303 2170 511 2228 terum
575 2156 752 2225 illum
818 2156 1117 2222 mundum
1142 2201 1168 2236 ‚
1254 2155 1462 2241 ipsius
1522 2156 1804 2224 veritatis
1866 2176 2129 2243 regnum
2154 2203 2184 2242 ,

304 2272 596 2356 seientiae
649 2286 714 2340 et
770 2270 1054 2340 veritatis
1107 2273 1536 2356 assequendae
1615 2277 1883 2359 caussa,
1966 2293 2187 2345 escen·

304 2388 555 2457 demus.
1909 2449 1916 2460 .
2170 2465 2176 2474 .

397 2506 656 2595 Quodsi
709 2506 881 2575 hunc
943 2508 1011 2575 in
1073 2508 1333 2576 modum
1389 2508 1838 2577 aestimandum
1874 2510 2066 2608 nobis
2105 2511 2186 2582 de

308 2625 436 2695 illis
488 2639 626 2709 est,
710 2626 822 2709 qui
876 2626 955 2693 ab
1008 2625 1193 2692 initio
1247 2624 1698 2710 disputationis
1761 2642 2014 2724 nostrae
2073 2646 2185 2696 oc·

302 2742 562 2810 cludere
615 2741 805 2809 nobis
874 2742 1110 2809 aditum
1174 2743 1255 2809 ad
1307 2744 1445 2810 veri
1503 2741 1974 2828 philosophiam
2049 2758 2188 2820 stu«,

307 2860 584 2926 duel-unt
624 2860 760 2941 (ι),
802 2836 1200 2942 non'video,
1247 2860 1403 2944 quid
1464 2859 1682 2928 obsint
1729 2860 1922 2926 nobis
1962 2878 2183 2936 eorum

308 2975 737 3044 cavillationes
759 3025 785 3060 ‚
831 2976 1174 3061 quominus
1231 2975 1350 3044 iter
1406 2991 1695 3044 nostrum
1736 2978 1815 3046 ad
1857 2976 2030 3060 veri,
2074 2984 2191 3050 αὐ-

308 3099 417 3164 τοῦ
455 3101 562 3164 τοῦ
597 3097 758 3172 ὄντος
805 3093 1129 3161 seientiam
1147 3141 1173 3177 ‚
1219 3095 1394 3177 quod
1434 3113 1716 3180 magnam
1743 3110 1996 3179 partem
2031 3114 2188 3162 con-

308 3207 577 3277 fecimus
600 3261 627 3293 ,
670 3230 1145 3296 persequamur.
1230 3213 1406 3299 Quin
1473 3213 1658 3280 etiam
1707 3212 2031 3299 profuisse
2070 3231 2192 3280 no·

311 3322 415 3391 bis
468 3324 563 3391 illi
612 3327 690 3393 ad
750 3328 1204 3413 assequendam
1247 3348 1382 3398 eam
1428 3350 1500 3396 ac
1558 3330 2019 3415 percipiendam
2045 3330 2193 3414 'mi-

315 3440 495 3518 rifice
548 3441 871 3512 videntur.
972 3446 1147 3516 Nam
1204 3447 1706 3545 dubitationibus
1764 3467 1986 3517 eorum
2041 3467 2197 3517 acu·

315 3559 535 3645 tisque
593 3561 924 3629 sententiis
969 3563 1129 3644 hane
1176 3577 1375 3631 totam
1419 3565 1718 3632 debemus
1769 3568 1851 3633 de
1886 3565 2192 3649 opinione

310 3689 383 3746 et
453 3677 757 3746 scientia'
809 3679 1318 3763 disquisitionem
1339 3728 1365 3763 ‚
1454 3697 1529 3748 ut
1603 3701 1773 3751 nunc
1835 3685 2004 3770 apud
2064 3700 2191 3752 nos

312 3810 567 3868 constet
583 3842 615 3882 ,
696 3797 857 3886 quid
912 3797 1222 3886 ‘sensibus
1295 3797 1705 3870 tribuendum
1755 3801 1857 3870 ²de
1907 3775 2193 3874 Platonis

1615 3991 1620 4002 .
2043 3899 2197 4006 seu}

360 4047 477 4124 .(1)
507 4047 641 4108 Vol.
677 4050 762 4111 11.
798 4051 872 4108 Ρ.
918 4052 968 4111 1.
992 4070 1062 4126 p.
1095 4054 1189 4111 ιδ,
1216 4060 1275 4114 et
1302 4069 1474 4131 ‚nupta
1504 4071 1564 4127 p.
1599 4056 1726 4131 ιδ’.
