2900 4817
1060 471 1415 521 -11-

304 640 427 706 dos
486 637 681 706 nohis
742 641 796 706 'e
850 636 1226 703 mstodibus
1286 636 1472 716 esse,
1529 634 1643 717 qni
1677 633 1857 720 'prae
1895 635 2181 703 caeteri!

305 757 438 825 aim
472 755 711 838 optime
746 753 1482 838 musicaetgymnmtica
1517 752 1755 819 exculti
1776 772 1800 819 t
1842 753 1954 820 aed
1985 768 2186 836 quae·

306 873 485 939 midi
534 871 877 957 praecipue
930 885 1126 951 snm,
1189 872 1298 954 qui
1348 873 1572 939 natura
1609 870 1942 937 videantur
1975 870 2186 955 pime-

305 986 550 1070 sophi3
620 986 687 1052 bi
728 1001 943 1053 mrtem
1006 987 1221 1068 quales
1284 987 1458 1068 sint,
1509 1002 1800 1070 quaeque
1851 1002 2012 1053 vero
2067 1002 2187 1054 no·-

308 1103 483 1173 mine
508 1103 762 1171 dicam
810 1110 994 1190 φάτις
1038 1108 1372 1191 :pudo-omae
1388 1150 1411 1184 ‚
1473 1120 1721 1170 natura
1780 1100 2136 1194 philosopha
2161 1142 2187 1186 ,

307 1218 373 1285 id
431 1220 720 1302 scilicet,
797 1222 1172 1303 Adimante,
1238 1239 1371 1287 non
1437 1221 1523 1287 im
1584 1235 1683 1287 est
1743 1221 2138 1289 mmifestum
2163 1262 2190 1303 ‚

307 1348 555 1420 atque3
615 1352 686 1405 ut
758 1357 929 1405 suam
994 1338 1439 1427 philosophiae
1505 1332 1891 1407 vindicemus
1962 1336 2029 1404 in
2102 1337 2193 1405 ci·

309 1454 513 1521 vitate
582 1456 1013 1523 auctoritatem
1037 1502 1061 1535 ,
1146 1456 1202 1520 si
1292 1454 1444 1538 quid
1520 1452 1687 1521 aliud
1710 1500 1734 1534 ,
1828 1454 1953 1521 hoc
2008 1453 2195 1523 nobis

311 1586 538 1657 patere
595 1572 809 1639 debet.
896 1572 1021 1641 Sed
1080 1591 1239 1657 age,
1301 1572 1365 1637 in
1421 1573 1776 1639 memoriam
1832 1572 1948 1639 tibi
2014 1591 2199 1639 revo-

308 1688 531 1773 cabo,
618 1692 721 1756 vel
794 1688 935 1774 ipse
985 1691 1209 1775 potius
1274 1691 1645 1772 recordare,
1719 1689 1779 1756 si
1843 1707 2027 1772 quem
2105 1689 2202 1759 di·

313 1805 527 1875 cimus
587 1806 826 1890 aliquid
874 1827 1121 1888 amare,
1200 1808 1368 1873 hunc
1417 1807 1606 1874 nobis
1663 1806 1860 1875 videri
1906 1820 2203 1892 oportere

316 1941 456 2015 non
508 1924 728 2007 partim
794 1924 948 1989 illud
988 1945 1238 2004 amare,
1302 1926 1524 2008 partim
1582 1945 1767 2008 non,
1815 1925 1929 1992 sed
1988 1939 2196 1993 totum

314 2058 534 2120 amore
569 2041 930 2124 complecti.
1004 2043 1128 2109 Cui
1194 2043 1494 2123 Glauco,
1556 2063 1744 2124 sane,
1811 2043 2200 2126 respondet,

320 2175 363 2222 o
406 2157 741 2239 Socrates,
788 2159 853 2227 in
877 2160 1233 2231 memoriam
1277 2160 1340 2229 id
1374 2160 1529 2227 mihi
1575 2162 1990 2229 revocandum
2019 2180 2201 2228 :nam

317 2293 494 2358 eg0.
559 2273 805 2357 fateor,
892 2296 1023 2345 non
1084 2278 1478 2347 reminiscor.
1603 2279 1773 2344 Tum
1863 2279 2202 2359 Socrates,

320 2389 565 2475 alium,
609 2392 862 2475 inquit,
926 2394 1131 2463 dicere
1173 2395 1430 2463 decebat
1478 2415 1640 2479 quae
1677 2395 1940 2478 dixisti3
1999 2395 2207 2463 virum

329 2527 481 2577 vero
522 2512 752 2581 amoris
815 2513 983 2580 haud
1041 2529 1361 2599 expertem
1406 2534 1535 2581 non
1589 2517 1766 2583 decet
1833 2535 1964 2583 non
2027 2516 2211 2584 remi·

326 2626 489 2707 ,uisci
509 2675 535 2709 2
572 2634 679 2701 τὸν
718 2634 1059 2715 φιλόπαιδα
1090 2637 1194 2701 καὶ
1226 2637 1491 2717 ἐρωτικὸν
1528 2614 1607 2699 ab
1635 2634 1930 2701 omnibus
1951 2681 1977 2715 ,
2022 2649 2218 2717 quot·

329 2760 492 2831 quot
558 2746 623 2811 in
672 2746 819 2829 ipso
878 2764 1031 2811 sunt
1090 2738 1307 2833 aetatis
1357 2747 1514 2815 flore
1538 2795 1561 2827 ‚
1623 2751 1860 2819 moveri
1913 2754 2215 2832 quodam-

330 2856 525 2931 modo
565 2877 631 2930 et
693 2859 1051 2943 stimulari,
1112 2863 1442 2947 viderique
1484 2865 1635 2929 huic
1685 2866 1832 2933 illos
1876 2868 2217 2945 observan-

332 2980 424 3047 tia
485 2994 551 3048 et
614 3000 827 3047 amore
880 2976 1132 3066 dignos.
1250 2983 1489 3049 Nonne
1565 2983 1647 3048 ita
1707 3003 1827 3050 vos
1880 3001 2025 3070 erga
2087 2985 2220 3051 for-

333 3106 550 3167 mosos
582 3100 831 3185 agitis?
873 3101 1060 3167 Alius
1089 3148 1113 3182 ,
1161 3101 1334 3183 quod
1378 3099 1579 3166 simus
1617 3115 1755 3181 est,
1792 3104 2055 3188 gratiae
2082 3103 2218 3190 ple-

332 3236 450 3282 nus
490 3215 720 3284 dicitur
780 3232 841 3281 et
900 3220 1023 3285 hoc
1070 3219 1421 3286 celebratur
1478 3218 1774 3287 nomine:
1833 3219 2069 3300 alium,
2113 3218 2219 3287 cui

337 3331 658 3414 aquilinus
689 3352 879 3400 nasus
920 3348 1020 3401 est
1045 3383 1068 3415 ,
1126 3340 1368 3423 regium
1403 3334 1770 3419 appellatisz
1816 3335 1874 3403 si
1923 3336 2066 3421 quis
2112 3349 2222 3403 au·-

335 3462 465 3518 tem
506 3449 672 3517 inter
728 3451 853 3545 hos
893 3452 1133 3517 medius
1186 3468 1333 3535 est,
1389 3457 1753 3520 concinnum
1801 3470 1948 3520 esse
1984 3452 2248 3522 dicitis.·
2319 3428 2328 3438 ἱ

338 3567 588 3656 Nigrus
648 3572 865 3639 viriles
914 3571 1154 3636 vocatis
1224 3575 1416 3661 specie
1436 3618 1461 3652 ,
1524 3570 1822 3636 candidos
1843 3619 1869 3652 ‚
1940 3572 2218 3641 Deorum

326 3686 542 3774 filios,·
583 3693 952 3777 μελίχλωροι
990 3708 1146 3758 vero
1186 3689 1296 3772 qui
1348 3690 1786 3774 appellantur,
1832 3706 1868 3757 a
1913 3705 2043 3773 quo
2087 3706 2226 3759 tan·

340 3810 482 3883 dem
550 3807 764 3875 fictum
821 3809 944 3875 hoc
1005 3827 1237 3875 nomen
1298 3823 1526 3892 putaS,
1592 3807 1715 3875 nisi
1783 3810 1862 3877 ab
1903 3822 2223 3889 amatore,

348 3925 464 4009 qui
521 3924 703 3994 facile
744 3925 939 3995 ferret
983 3927 1493 4011 blandiendoque
1524 3926 1618 3995 sic
1668 3930 2013 4014 appellaret
2063 3945 2238 3995 ama··

346 4040 427 4112 sii
464 4042 767 4132 pauorem
800 4038 1079 4117 l'Verbo
1106 4092 1133 4130 ,
1177 4047 1381 4119 nullas
1422 4064 1553 4119 uon
1597 4045 1859 4133 captatis
1906 4045 2231 4165 occafiun·

1885 4192 1892 4201 ·
2107 4179 2228 4229 cu-
