<?xml version="1.0" encoding="UTF-8"?>
<!DOCTYPE html PUBLIC "-//W3C//DTD XHTML 1.0 Transitional//EN"
    "http://www.w3.org/TR/xhtml1/DTD/xhtml1-transitional.dtd">
<html xmlns="http://www.w3.org/1999/xhtml" xml:lang="en" lang="en">
 <head>
  <title>
</title>
<meta http-equiv="Content-Type" content="text/html;charset=utf-8" />
  <meta name='ocr-system' content='tesseract 3.04.00' />
  <meta name='ocr-capabilities' content='ocr_page ocr_carea ocr_par ocr_line ocrx_word'/>
</head>
<body>
  <div class='ocr_page' id='page_1' title='image "./initiaphilosoph06heusgoog/initiaphilosoph06heusgoog_0036.png"; bbox 0 0 2900 4817; ppageno 0'>
   <div class='ocr_carea' id='block_1_1' title="bbox 1581 487 1882 551">
    <p class='ocr_par' dir='ltr' id='par_1_1' title="bbox 1581 487 1882 551">
     <span class='ocr_line' id='line_1_1' title="bbox 1581 487 1882 551; baseline 0 -25"><span class='ocrx_word' id='word_1_1' title='bbox 1581 487 1882 551; x_wconf 69' lang='lat'>——4—</span> 
     </span>
    </p>
   </div>
   <div class='ocr_carea' id='block_1_2' title="bbox 790 673 2691 4170">
    <p class='ocr_par' dir='ltr' id='par_1_2' title="bbox 791 673 2688 2276">
     <span class='ocr_line' id='line_1_2' title="bbox 792 673 2673 766; baseline 0.004 -21"><span class='ocrx_word' id='word_1_2' title='bbox 792 673 1041 763; x_wconf 75' lang='lat' dir='ltr'>indigna</span> <span class='ocrx_word' id='word_1_3' title='bbox 1080 676 1231 746; x_wconf 87' lang='lat' dir='ltr'>haec</span> <span class='ocrx_word' id='word_1_4' title='bbox 1274 678 1531 748; x_wconf 84' lang='lat' dir='ltr'>homine</span> <span class='ocrx_word' id='word_1_5' title='bbox 1564 682 1790 766; x_wconf 89' lang='lat' dir='ltr'>placita</span> <span class='ocrx_word' id='word_1_6' title='bbox 1834 681 1972 750; x_wconf 83' lang='lat' dir='ltr'>sive</span> <span class='ocrx_word' id='word_1_7' title='bbox 2009 678 2321 766; x_wconf 85' lang='lat' dir='ltr'>proferret</span> <span class='ocrx_word' id='word_1_8' title='bbox 2361 683 2430 750; x_wconf 92' lang='lat' dir='ltr'>in</span> <span class='ocrx_word' id='word_1_9' title='bbox 2462 684 2673 753; x_wconf 83' lang='lat' dir='ltr'>lucem</span> 
     </span>
     <span class='ocr_line' id='line_1_3' title="bbox 791 792 2676 864; baseline 0.003 -5"><span class='ocrx_word' id='word_1_10' title='bbox 791 792 935 860; x_wconf 78' lang='lat' dir='ltr'>sive</span> <span class='ocrx_word' id='word_1_11' title='bbox 1004 795 1501 864; x_wconf 75' lang='lat' dir='ltr'>commendaretz</span> <span class='ocrx_word' id='word_1_12' title='bbox 1605 796 1717 864; x_wconf 89' lang='lat' dir='ltr'>sed</span> <span class='ocrx_word' id='word_1_13' title='bbox 1789 796 2133 864; x_wconf 86' lang='lat' dir='ltr'>eorundem</span> <span class='ocrx_word' id='word_1_14' title='bbox 2206 796 2676 864; x_wconf 86' lang='lat' dir='ltr'>Germanorum</span> 
     </span>
     <span class='ocr_line' id='line_1_4' title="bbox 792 909 2680 1004; baseline 0.004 -29"><span class='ocrx_word' id='word_1_15' title='bbox 792 909 990 1004; x_wconf 33' lang='lat' dir='ltr'>haud·</span> <span class='ocrx_word' id='word_1_16' title='bbox 1016 913 1199 995; x_wconf 89' lang='lat' dir='ltr'>pauci</span> <span class='ocrx_word' id='word_1_17' title='bbox 1258 909 1519 980; x_wconf 87' lang='lat' dir='ltr'>fuerunt</span> <span class='ocrx_word' id='word_1_18' title='bbox 1540 961 1565 995; x_wconf 88' lang='lat'>‚</span> <span class='ocrx_word' id='word_1_19' title='bbox 1609 913 2076 999; x_wconf 76' lang='lat' dir='ltr'>posterioribus</span> <span class='ocrx_word' id='word_1_20' title='bbox 2119 914 2385 982; x_wconf 85' lang='lat' dir='ltr'><strong>maxime</strong></span> <span class='ocrx_word' id='word_1_21' title='bbox 2424 928 2680 1000; x_wconf 88' lang='lat' dir='ltr'>tempo-</span> 
     </span>
     <span class='ocr_line' id='line_1_5' title="bbox 795 1025 2677 1117; baseline 0.004 -25"><span class='ocrx_word' id='word_1_22' title='bbox 795 1025 972 1096; x_wconf 84' lang='lat' dir='ltr'>ribus</span> <span class='ocrx_word' id='word_1_23' title='bbox 1017 1029 1193 1098; x_wconf 81' lang='lat' dir='ltr'>hisce</span> <span class='ocrx_word' id='word_1_24' title='bbox 1215 1076 1241 1112; x_wconf 89' lang='lat'>‚</span> <span class='ocrx_word' id='word_1_25' title='bbox 1327 1029 1439 1114; x_wconf 89' lang='lat' dir='ltr'>qui</span> <span class='ocrx_word' id='word_1_26' title='bbox 1499 1030 1857 1114; x_wconf 88' lang='lat' dir='ltr'>inquirendi</span> <span class='ocrx_word' id='word_1_27' title='bbox 1909 1030 2267 1117; x_wconf 83' lang='lat' dir='ltr'>diligentiae</span> <span class='ocrx_word' id='word_1_28' title='bbox 2320 1030 2677 1099; x_wconf 83' lang='lat' dir='ltr'>severitati-</span> 
     </span>
     <span class='ocr_line' id='line_1_6' title="bbox 799 1147 2680 1234; baseline 0.003 -23"><span class='ocrx_word' id='word_1_29' title='bbox 799 1163 931 1229; x_wconf 86' lang='lat' dir='ltr'>que</span> <span class='ocrx_word' id='word_1_30' title='bbox 987 1163 1236 1215; x_wconf 87' lang='lat' dir='ltr'>omnem</span> <span class='ocrx_word' id='word_1_31' title='bbox 1256 1194 1282 1230; x_wconf 91' lang='lat'><strong>‚</strong></span> <span class='ocrx_word' id='word_1_32' title='bbox 1327 1147 1435 1216; x_wconf 82' lang='lat' dir='ltr'>vix</span> <span class='ocrx_word' id='word_1_33' title='bbox 1476 1149 1667 1216; x_wconf 88' lang='lat' dir='ltr'>ullam</span> <span class='ocrx_word' id='word_1_34' title='bbox 1725 1148 2162 1234; x_wconf 81' lang='lat' dir='ltr'>perspicuitati</span> <span class='ocrx_word' id='word_1_35' title='bbox 2180 1197 2205 1231; x_wconf 87' lang='lat'>‚</span> <span class='ocrx_word' id='word_1_36' title='bbox 2251 1166 2507 1234; x_wconf 82' lang='lat' dir='ltr'>operam</span> <span class='ocrx_word' id='word_1_37' title='bbox 2564 1167 2680 1216; x_wconf 85' lang='lat' dir='ltr'>na-</span> 
     </span>
     <span class='ocr_line' id='line_1_7' title="bbox 793 1264 2679 1351; baseline 0.003 -23"><span class='ocrx_word' id='word_1_38' title='bbox 793 1275 1018 1331; x_wconf 79' lang='lat' dir='ltr'>vantes</span> <span class='ocrx_word' id='word_1_39' title='bbox 1038 1308 1064 1344; x_wconf 89' lang='lat'>‚</span> <span class='ocrx_word' id='word_1_40' title='bbox 1154 1276 1222 1331; x_wconf 88' lang='lat' dir='ltr'>et</span> <span class='ocrx_word' id='word_1_41' title='bbox 1273 1264 1409 1332; x_wconf 86' lang='lat' dir='ltr'>suis</span> <span class='ocrx_word' id='word_1_42' title='bbox 1473 1264 1598 1348; x_wconf 90' lang='lat' dir='ltr'>ipsi</span> <span class='ocrx_word' id='word_1_43' title='bbox 1648 1265 1896 1351; x_wconf 88' lang='lat' dir='ltr'>placitis</span> <span class='ocrx_word' id='word_1_44' title='bbox 1936 1280 2002 1332; x_wconf 91' lang='lat' dir='ltr'>et</span> <span class='ocrx_word' id='word_1_45' title='bbox 2059 1265 2183 1332; x_wconf 91' lang='lat' dir='ltr'>toti</span> <span class='ocrx_word' id='word_1_46' title='bbox 2233 1266 2679 1350; x_wconf 80' lang='lat' dir='ltr'>philosophiae</span> 
     </span>
     <span class='ocr_line' id='line_1_8' title="bbox 795 1377 2687 1469; baseline 0.003 -22"><span class='ocrx_word' id='word_1_47' title='bbox 795 1377 893 1447; x_wconf 81' lang='lat' dir='ltr'>sic</span> <span class='ocrx_word' id='word_1_48' title='bbox 970 1379 1260 1448; x_wconf 82' lang='lat' dir='ltr'>tenebras</span> <span class='ocrx_word' id='word_1_49' title='bbox 1320 1379 1722 1450; x_wconf 87' lang='lat' dir='ltr'>offunderent</span> <span class='ocrx_word' id='word_1_50' title='bbox 1740 1429 1765 1463; x_wconf 88' lang='lat'>‚</span> <span class='ocrx_word' id='word_1_51' title='bbox 1849 1396 1926 1450; x_wconf 92' lang='lat' dir='ltr'>ut</span> <span class='ocrx_word' id='word_1_52' title='bbox 1992 1382 2072 1450; x_wconf 89' lang='lat' dir='ltr'>ab</span> <span class='ocrx_word' id='word_1_53' title='bbox 2145 1383 2283 1469; x_wconf 79' lang='lat' dir='ltr'>ejus</span> <span class='ocrx_word' id='word_1_54' title='bbox 2339 1383 2557 1451; x_wconf 87' lang='lat' dir='ltr'>studio</span> <span class='ocrx_word' id='word_1_55' title='bbox 2613 1398 2687 1453; x_wconf 89' lang='lat' dir='ltr'>et</span> 
     </span>
     <span class='ocr_line' id='line_1_9' title="bbox 795 1498 2685 1585; baseline 0.003 -20"><span class='ocrx_word' id='word_1_56' title='bbox 795 1498 1164 1585; x_wconf 82' lang='lat' dir='ltr'>cognitione</span> <span class='ocrx_word' id='word_1_57' title='bbox 1185 1542 1213 1581; x_wconf 84' lang='lat'><strong>,</strong></span> <span class='ocrx_word' id='word_1_58' title='bbox 1252 1500 1534 1585; x_wconf 80' lang='lat' dir='ltr'>exceptis</span> <span class='ocrx_word' id='word_1_59' title='bbox 1578 1499 1982 1585; x_wconf 90' lang='lat' dir='ltr'>philosophis</span> <span class='ocrx_word' id='word_1_60' title='bbox 1996 1548 2022 1584; x_wconf 89' lang='lat'>‚</span> <span class='ocrx_word' id='word_1_61' title='bbox 2084 1515 2365 1569; x_wconf 90' lang='lat' dir='ltr'>caeteros</span> <span class='ocrx_word' id='word_1_62' title='bbox 2392 1501 2685 1570; x_wconf 88' lang='lat' dir='ltr'>homines</span> 
     </span>
     <span class='ocr_line' id='line_1_10' title="bbox 798 1616 2687 1707; baseline -0.001 -21"><span class='ocrx_word' id='word_1_63' title='bbox 798 1618 1201 1686; x_wconf 79' lang='lat' dir='ltr'>excluderent</span> <span class='ocrx_word' id='word_1_64' title='bbox 1272 1635 1517 1685; x_wconf 89' lang='lat' dir='ltr'>omnes.</span> <span class='ocrx_word' id='word_1_65' title='bbox 1648 1616 1858 1707; x_wconf 85' lang='lat' dir='ltr'>Quam</span> <span class='ocrx_word' id='word_1_66' title='bbox 1920 1618 2416 1703; x_wconf 88' lang='lat' dir='ltr'>philosophandi</span> <span class='ocrx_word' id='word_1_67' title='bbox 2491 1618 2687 1686; x_wconf 88' lang='lat' dir='ltr'>ratio-</span> 
     </span>
     <span class='ocr_line' id='line_1_11' title="bbox 798 1732 2682 1820; baseline -0.001 -15"><span class='ocrx_word' id='word_1_68' title='bbox 798 1751 991 1816; x_wconf 83' lang='lat' dir='ltr'>nem,</span> <span class='ocrx_word' id='word_1_69' title='bbox 1031 1732 1248 1802; x_wconf 86' lang='lat' dir='ltr'>ubivis</span> <span class='ocrx_word' id='word_1_70' title='bbox 1281 1733 1562 1801; x_wconf 87' lang='lat' dir='ltr'>hodiein</span> <span class='ocrx_word' id='word_1_71' title='bbox 1603 1734 1738 1803; x_wconf 89' lang='lat' dir='ltr'>dies</span> <span class='ocrx_word' id='word_1_72' title='bbox 1763 1736 2245 1803; x_wconf 82' lang='lat' dir='ltr'>invalescentem</span> <span class='ocrx_word' id='word_1_73' title='bbox 2263 1737 2504 1820; x_wconf 85' lang='lat' dir='ltr'>magis,</span> <span class='ocrx_word' id='word_1_74' title='bbox 2545 1751 2682 1804; x_wconf 88' lang='lat' dir='ltr'>tam</span> 
     </span>
     <span class='ocr_line' id='line_1_12' title="bbox 800 1851 2687 1948; baseline 0.001 -28"><span class='ocrx_word' id='word_1_75' title='bbox 800 1852 1042 1922; x_wconf 82' lang='lat' dir='ltr'>artibus</span> <span class='ocrx_word' id='word_1_76' title='bbox 1095 1852 1530 1939; x_wconf 87' lang='lat' dir='ltr'>doctrinisque</span> <span class='ocrx_word' id='word_1_77' title='bbox 1546 1900 1573 1935; x_wconf 92' lang='lat'>‚</span> <span class='ocrx_word' id='word_1_78' title='bbox 1654 1872 1844 1936; x_wconf 83' lang='lat' dir='ltr'>quam</span> <span class='ocrx_word' id='word_1_79' title='bbox 1893 1852 2018 1948; x_wconf 81' lang='lat' dir='ltr'>ipsi</span> <span class='ocrx_word' id='word_1_80' title='bbox 2075 1852 2520 1940; x_wconf 76' lang='lat' dir='ltr'>philosophiae</span> <span class='ocrx_word' id='word_1_81' title='bbox 2567 1851 2687 1922; x_wconf 80' lang='lat' dir='ltr'>v&#39;e-</span> 
     </span>
     <span class='ocr_line' id='line_1_13' title="bbox 800 1970 2684 2057; baseline -0.002 -17"><span class='ocrx_word' id='word_1_82' title='bbox 800 1971 1127 2046; x_wconf 86' lang='lat' dir='ltr'>hementer</span> <span class='ocrx_word' id='word_1_83' title='bbox 1181 1988 1410 2039; x_wconf 89' lang='lat' dir='ltr'>nocere</span> <span class='ocrx_word' id='word_1_84' title='bbox 1428 2017 1454 2053; x_wconf 89' lang='lat'><strong>,</strong></span> <span class='ocrx_word' id='word_1_85' title='bbox 1496 1988 1686 2037; x_wconf 90' lang='lat' dir='ltr'>nemo</span> <span class='ocrx_word' id='word_1_86' title='bbox 1729 1985 1829 2037; x_wconf 90' lang='lat' dir='ltr'>est</span> <span class='ocrx_word' id='word_1_87' title='bbox 1850 2017 1875 2053; x_wconf 84' lang='lat'><strong>‚</strong></span> <span class='ocrx_word' id='word_1_88' title='bbox 1922 1970 2079 2055; x_wconf 91' lang='lat' dir='ltr'>quin</span> <span class='ocrx_word' id='word_1_89' title='bbox 2124 1983 2359 2057; x_wconf 88' lang='lat' dir='ltr'>sponte</span> <span class='ocrx_word' id='word_1_90' title='bbox 2414 1970 2629 2038; x_wconf 77' lang='lat' dir='ltr'>videat</span> <span class='ocrx_word' id='word_1_91' title='bbox 2653 2017 2684 2051; x_wconf 90' lang='lat'>‚</span> 
     </span>
     <span class='ocr_line' id='line_1_14' title="bbox 799 2085 2688 2175; baseline -0.002 -17"><span class='ocrx_word' id='word_1_92' title='bbox 799 2101 869 2158; x_wconf 83' lang='lat' dir='ltr'>et</span> <span class='ocrx_word' id='word_1_93' title='bbox 929 2087 1074 2175; x_wconf 75' lang='lat' dir='ltr'>ipsi}</span> <span class='ocrx_word' id='word_1_94' title='bbox 1112 2085 1394 2156; x_wconf 75' lang='lat' dir='ltr'>fatentur</span> <span class='ocrx_word' id='word_1_95' title='bbox 1452 2087 1800 2173; x_wconf 87' lang='lat' dir='ltr'>dolentque</span> <span class='ocrx_word' id='word_1_96' title='bbox 1862 2086 2151 2155; x_wconf 87' lang='lat' dir='ltr'>cultioris</span> <span class='ocrx_word' id='word_1_97' title='bbox 2209 2086 2447 2174; x_wconf 85' lang='lat' dir='ltr'>ingenii</span> <span class='ocrx_word' id='word_1_98' title='bbox 2513 2085 2688 2155; x_wconf 82' lang='lat' dir='ltr'>Ger·</span> 
     </span>
     <span class='ocr_line' id='line_1_15' title="bbox 801 2205 997 2276; baseline -0.01 0"><span class='ocrx_word' id='word_1_99' title='bbox 801 2205 997 2276; x_wconf 82' lang='lat' dir='ltr'>mani.</span> 
     </span>
    </p>

    <p class='ocr_par' dir='ltr' id='par_1_3' title="bbox 790 2321 2691 4056">
     <span class='ocr_line' id='line_1_16' title="bbox 885 2321 2684 2410; baseline 0 -20"><span class='ocrx_word' id='word_1_100' title='bbox 885 2321 1188 2410; x_wconf 86' lang='lat' dir='ltr'>Longum</span> <span class='ocrx_word' id='word_1_101' title='bbox 1243 2323 1367 2390; x_wconf 91' lang='lat' dir='ltr'>hoc</span> <span class='ocrx_word' id='word_1_102' title='bbox 1390 2370 1415 2404; x_wconf 87' lang='lat'>‚</span> <span class='ocrx_word' id='word_1_103' title='bbox 1500 2322 1663 2390; x_wconf 89' lang='lat' dir='ltr'>dicat</span> <span class='ocrx_word' id='word_1_104' title='bbox 1730 2321 1958 2405; x_wconf 86' lang='lat' dir='ltr'>aliquis</span> <span class='ocrx_word' id='word_1_105' title='bbox 1978 2369 2004 2405; x_wconf 90' lang='lat'><strong>‚</strong></span> <span class='ocrx_word' id='word_1_106' title='bbox 2071 2321 2467 2407; x_wconf 88' lang='lat' dir='ltr'>prooemium</span> <span class='ocrx_word' id='word_1_107' title='bbox 2535 2336 2635 2390; x_wconf 82' lang='lat' dir='ltr'>est</span> <span class='ocrx_word' id='word_1_108' title='bbox 2659 2341 2684 2390; x_wconf 69' lang='grc' dir='ltr'><em>ε</em></span> 
     </span>
     <span class='ocr_line' id='line_1_17' title="bbox 800 2437 2685 2530; baseline -0.006 -11"><span class='ocrx_word' id='word_1_109' title='bbox 800 2447 1029 2530; x_wconf 69' lang='grc' dir='ltr'><strong><em>μακρὸν</em></strong></span> <span class='ocrx_word' id='word_1_110' title='bbox 1067 2447 1138 2515; x_wconf 75' lang='grc' dir='ltr'>τὸ</span> <span class='ocrx_word' id='word_1_111' title='bbox 1172 2445 1471 2530; x_wconf 69' lang='grc' dir='ltr'><strong><em>προοίμιον</em></strong></span> <span class='ocrx_word' id='word_1_112' title='bbox 1508 2447 1593 2527; x_wconf 71' lang='grc' dir='ltr'>τῷ</span> <span class='ocrx_word' id='word_1_113' title='bbox 1634 2445 2013 2526; x_wconf 73' lang='grc' dir='ltr'>ἐπιθυμοῦντι</span> <span class='ocrx_word' id='word_1_114' title='bbox 2062 2445 2347 2511; x_wconf 66' lang='grc' dir='ltr'><strong><em>οἰκοῦσαι.</em></strong></span> <span class='ocrx_word' id='word_1_115' title='bbox 2434 2437 2685 2508; x_wconf 80' lang='lat' dir='ltr'>Verum</span> 
     </span>
     <span class='ocr_line' id='line_1_18' title="bbox 800 2555 2691 2643; baseline -0.004 -13"><span class='ocrx_word' id='word_1_116' title='bbox 800 2573 1092 2630; x_wconf 85' lang='lat' dir='ltr'>nostrum</span> <span class='ocrx_word' id='word_1_117' title='bbox 1129 2577 1264 2627; x_wconf 91' lang='lat' dir='ltr'>non</span> <span class='ocrx_word' id='word_1_118' title='bbox 1299 2558 1426 2625; x_wconf 91' lang='lat' dir='ltr'>hoc</span> <span class='ocrx_word' id='word_1_119' title='bbox 1478 2557 1666 2625; x_wconf 85' lang='lat' dir='ltr'>unice</span> <span class='ocrx_word' id='word_1_120' title='bbox 1718 2556 2126 2643; x_wconf 88' lang='lat' dir='ltr'>propositum</span> <span class='ocrx_word' id='word_1_121' title='bbox 2173 2569 2272 2624; x_wconf 89' lang='lat' dir='ltr'>est</span> <span class='ocrx_word' id='word_1_122' title='bbox 2293 2602 2320 2639; x_wconf 90' lang='lat'>‚</span> <span class='ocrx_word' id='word_1_123' title='bbox 2364 2569 2438 2623; x_wconf 92' lang='lat' dir='ltr'>ut</span> <span class='ocrx_word' id='word_1_124' title='bbox 2473 2555 2691 2640; x_wconf 87' lang='lat' dir='ltr'>philo-</span> 
     </span>
     <span class='ocr_line' id='line_1_19' title="bbox 797 2673 2687 2764; baseline -0.003 -16"><span class='ocrx_word' id='word_1_125' title='bbox 797 2677 1091 2764; x_wconf 76' lang='lat' dir='ltr'>sophiam</span> <span class='ocrx_word' id='word_1_126' title='bbox 1148 2676 1429 2744; x_wconf 78' lang='lat' dir='ltr'>Platonis</span> <span class='ocrx_word' id='word_1_127' title='bbox 1496 2674 2019 2759; x_wconf 85' lang='lat' dir='ltr'>interpretemur;</span> <span class='ocrx_word' id='word_1_128' title='bbox 2104 2673 2265 2741; x_wconf 87' lang='lat' dir='ltr'>illud</span> <span class='ocrx_word' id='word_1_129' title='bbox 2319 2687 2687 2760; x_wconf 71' lang='lat' dir='ltr'>spectamus</span> 
     </span>
     <span class='ocr_line' id='line_1_20' title="bbox 799 2792 2687 2880; baseline -0.003 -14"><span class='ocrx_word' id='word_1_130' title='bbox 799 2796 950 2866; x_wconf 80' lang='lat' dir='ltr'>item</span> <span class='ocrx_word' id='word_1_131' title='bbox 971 2843 997 2880; x_wconf 89' lang='lat'><strong>,</strong></span> <span class='ocrx_word' id='word_1_132' title='bbox 1088 2793 1265 2879; x_wconf 88' lang='lat' dir='ltr'>quod</span> <span class='ocrx_word' id='word_1_133' title='bbox 1333 2795 1478 2880; x_wconf 88' lang='lat' dir='ltr'>jure</span> <span class='ocrx_word' id='word_1_134' title='bbox 1536 2792 1682 2878; x_wconf 89' lang='lat' dir='ltr'>quis</span> <span class='ocrx_word' id='word_1_135' title='bbox 1761 2792 1841 2859; x_wconf 86' lang='lat' dir='ltr'>ab</span> <span class='ocrx_word' id='word_1_136' title='bbox 1925 2792 2272 2879; x_wconf 89' lang='lat' dir='ltr'>interprete</span> <span class='ocrx_word' id='word_1_137' title='bbox 2349 2792 2638 2877; x_wconf 85' lang='lat' dir='ltr'>postulet</span> <span class='ocrx_word' id='word_1_138' title='bbox 2654 2836 2687 2875; x_wconf 81' lang='lat'>,</span> 
     </span>
     <span class='ocr_line' id='line_1_21' title="bbox 796 2909 2688 3000; baseline -0.004 -16"><span class='ocrx_word' id='word_1_139' title='bbox 796 2929 876 2984; x_wconf 89' lang='lat' dir='ltr'>ut</span> <span class='ocrx_word' id='word_1_140' title='bbox 930 2912 1399 3000; x_wconf 76' lang='lat' dir='ltr'>interpretanda</span> <span class='ocrx_word' id='word_1_141' title='bbox 1446 2914 1522 2979; x_wconf 70' lang='lat' dir='ltr'>ea</span> <span class='ocrx_word' id='word_1_142' title='bbox 1584 2909 2022 2995; x_wconf 83' lang='lat' dir='ltr'>praesentibus</span> <span class='ocrx_word' id='word_1_143' title='bbox 2071 2909 2469 2995; x_wconf 84' lang='lat' dir='ltr'>temporibus</span> <span class='ocrx_word' id='word_1_144' title='bbox 2528 2927 2688 2977; x_wconf 89' lang='lat' dir='ltr'>con·</span> 
     </span>
     <span class='ocr_line' id='line_1_22' title="bbox 795 3027 2687 3113; baseline -0.003 -12"><span class='ocrx_word' id='word_1_145' title='bbox 795 3033 1104 3102; x_wconf 79' lang='lat' dir='ltr'>sulamus.</span> <span class='ocrx_word' id='word_1_146' title='bbox 1236 3029 1450 3098; x_wconf 83' lang='lat' dir='ltr'>Nemo</span> <span class='ocrx_word' id='word_1_147' title='bbox 1511 3041 1610 3094; x_wconf 91' lang='lat' dir='ltr'>est</span> <span class='ocrx_word' id='word_1_148' title='bbox 1632 3074 1660 3109; x_wconf 89' lang='lat'><strong>,</strong></span> <span class='ocrx_word' id='word_1_149' title='bbox 1743 3027 1902 3111; x_wconf 92' lang='lat' dir='ltr'>quin</span> <span class='ocrx_word' id='word_1_150' title='bbox 1965 3040 2145 3113; x_wconf 90' lang='lat' dir='ltr'>optet</span> <span class='ocrx_word' id='word_1_151' title='bbox 2187 3027 2524 3111; x_wconf 79' lang='lat' dir='ltr'>ardenter,</span> <span class='ocrx_word' id='word_1_152' title='bbox 2605 3040 2687 3095; x_wconf 86' lang='lat' dir='ltr'>ut</span> 
     </span>
     <span class='ocr_line' id='line_1_23' title="bbox 798 3143 2689 3234; baseline -0.001 -18"><span class='ocrx_word' id='word_1_153' title='bbox 798 3165 990 3234; x_wconf 84' lang='lat' dir='ltr'>quam</span> <span class='ocrx_word' id='word_1_154' title='bbox 1028 3146 1195 3215; x_wconf 85' lang='lat' dir='ltr'>viam</span> <span class='ocrx_word' id='word_1_155' title='bbox 1231 3145 1530 3213; x_wconf 85' lang='lat' dir='ltr'>inivimus</span> <span class='ocrx_word' id='word_1_156' title='bbox 1571 3162 1757 3212; x_wconf 88' lang='lat' dir='ltr'>verae</span> <span class='ocrx_word' id='word_1_157' title='bbox 1808 3143 2262 3230; x_wconf 83' lang='lat' dir='ltr'>philosophiae</span> <span class='ocrx_word' id='word_1_158' title='bbox 2283 3191 2309 3227; x_wconf 88' lang='lat'>‚</span> <span class='ocrx_word' id='word_1_159' title='bbox 2356 3161 2523 3230; x_wconf 86' lang='lat' dir='ltr'>quae</span> <span class='ocrx_word' id='word_1_160' title='bbox 2553 3157 2689 3214; x_wconf 78' lang='lat' dir='ltr'>tam</span> 
     </span>
     <span class='ocr_line' id='line_1_24' title="bbox 790 3260 2687 3350; baseline 0.001 -19"><span class='ocrx_word' id='word_1_161' title='bbox 790 3263 1190 3350; x_wconf 79' lang='lat' dir='ltr'>disceptandi</span> <span class='ocrx_word' id='word_1_162' title='bbox 1227 3262 1549 3347; x_wconf 83' lang='lat' dir='ltr'>diligentia</span> <span class='ocrx_word' id='word_1_163' title='bbox 1566 3308 1590 3343; x_wconf 86' lang='lat'>‚</span> <span class='ocrx_word' id='word_1_164' title='bbox 1650 3282 1836 3347; x_wconf 85' lang='lat' dir='ltr'>quam</span> <span class='ocrx_word' id='word_1_165' title='bbox 1876 3261 2341 3347; x_wconf 79' lang='lat' dir='ltr'>popularitate,</span> <span class='ocrx_word' id='word_1_166' title='bbox 2382 3260 2687 3333; x_wconf 72' lang='lat' dir='ltr'>omnibus</span> 
     </span>
     <span class='ocr_line' id='line_1_25' title="bbox 795 3378 2689 3459; baseline -0.002 -5"><span class='ocrx_word' id='word_1_167' title='bbox 795 3395 969 3454; x_wconf 78' lang='lat' dir='ltr'>esset</span> <span class='ocrx_word' id='word_1_168' title='bbox 1006 3378 1377 3450; x_wconf 85' lang='lat' dir='ltr'>mortalibus</span> <span class='ocrx_word' id='word_1_169' title='bbox 1428 3378 1718 3446; x_wconf 86' lang='lat' dir='ltr'>salutaris</span> <span class='ocrx_word' id='word_1_170' title='bbox 1740 3425 1765 3459; x_wconf 88' lang='lat'>‚</span> <span class='ocrx_word' id='word_1_171' title='bbox 1829 3379 1989 3445; x_wconf 88' lang='lat' dir='ltr'>hanc</span> <span class='ocrx_word' id='word_1_172' title='bbox 2050 3378 2214 3446; x_wconf 86' lang='lat' dir='ltr'>viam</span> <span class='ocrx_word' id='word_1_173' title='bbox 2274 3378 2342 3445; x_wconf 91' lang='lat' dir='ltr'>in</span> <span class='ocrx_word' id='word_1_174' title='bbox 2395 3393 2689 3452; x_wconf 75' lang='lat' dir='ltr'>neutram</span> 
     </span>
     <span class='ocr_line' id='line_1_26' title="bbox 798 3499 2687 3581; baseline -0.001 -12"><span class='ocrx_word' id='word_1_175' title='bbox 798 3499 1194 3569; x_wconf 82' lang='lat' dir='ltr'>discedentes</span> <span class='ocrx_word' id='word_1_176' title='bbox 1236 3509 1478 3581; x_wconf 89' lang='lat' dir='ltr'>partem</span> <span class='ocrx_word' id='word_1_177' title='bbox 1536 3509 1899 3563; x_wconf 87' lang='lat' dir='ltr'>constanter</span> <span class='ocrx_word' id='word_1_178' title='bbox 1959 3513 2440 3580; x_wconf 85' lang='lat' dir='ltr'>persequamur.</span> <span class='ocrx_word' id='word_1_179' title='bbox 2522 3499 2687 3567; x_wconf 88' lang='lat' dir='ltr'>Pro-</span> 
     </span>
     <span class='ocr_line' id='line_1_27' title="bbox 798 3612 2686 3701; baseline -0.008 -14"><span class='ocrx_word' id='word_1_180' title='bbox 798 3618 984 3687; x_wconf 83' lang='lat' dir='ltr'>desse</span> <span class='ocrx_word' id='word_1_181' title='bbox 1037 3629 1246 3683; x_wconf 88' lang='lat' dir='ltr'>autem</span> <span class='ocrx_word' id='word_1_182' title='bbox 1308 3612 1457 3680; x_wconf 89' lang='lat' dir='ltr'>huic</span> <span class='ocrx_word' id='word_1_183' title='bbox 1510 3612 1728 3680; x_wconf 89' lang='lat' dir='ltr'>studio</span> <span class='ocrx_word' id='word_1_184' title='bbox 1747 3659 1774 3694; x_wconf 88' lang='lat'><strong>‚</strong></span> <span class='ocrx_word' id='word_1_185' title='bbox 1837 3630 1989 3680; x_wconf 87' lang='lat' dir='ltr'>sane</span> <span class='ocrx_word' id='word_1_186' title='bbox 2030 3630 2222 3697; x_wconf 89' lang='lat' dir='ltr'>quam</span> <span class='ocrx_word' id='word_1_187' title='bbox 2262 3614 2686 3701; x_wconf 75' lang='lat' dir='ltr'>generosissi-</span> 
     </span>
     <span class='ocr_line' id='line_1_28' title="bbox 796 3728 2690 3816; baseline -0.001 -14"><span class='ocrx_word' id='word_1_188' title='bbox 796 3750 949 3815; x_wconf 86' lang='lat' dir='ltr'>mo,</span> <span class='ocrx_word' id='word_1_189' title='bbox 1040 3730 1195 3797; x_wconf 88' lang='lat' dir='ltr'>nihil</span> <span class='ocrx_word' id='word_1_190' title='bbox 1256 3731 1495 3816; x_wconf 87' lang='lat' dir='ltr'>poterit</span> <span class='ocrx_word' id='word_1_191' title='bbox 1553 3728 1754 3814; x_wconf 87' lang='lat' dir='ltr'>magis</span> <span class='ocrx_word' id='word_1_192' title='bbox 1777 3775 1804 3812; x_wconf 90' lang='lat'><strong>,</strong></span> <span class='ocrx_word' id='word_1_193' title='bbox 1864 3747 2056 3815; x_wconf 85' lang='lat' dir='ltr'>quam</span> <span class='ocrx_word' id='word_1_194' title='bbox 2117 3729 2177 3797; x_wconf 91' lang='lat' dir='ltr'>si</span> <span class='ocrx_word' id='word_1_195' title='bbox 2231 3729 2556 3801; x_wconf 82' lang='lat' dir='ltr'>Socratem</span> <span class='ocrx_word' id='word_1_196' title='bbox 2615 3745 2690 3801; x_wconf 87' lang='lat' dir='ltr'>et</span> 
     </span>
     <span class='ocr_line' id='line_1_29' title="bbox 793 3845 2690 3935; baseline 0 -16"><span class='ocrx_word' id='word_1_197' title='bbox 793 3847 1119 3919; x_wconf 80' lang='lat' dir='ltr'>Platonem</span> <span class='ocrx_word' id='word_1_198' title='bbox 1138 3893 1164 3930; x_wconf 89' lang='lat'><strong>,</strong></span> <span class='ocrx_word' id='word_1_199' title='bbox 1225 3845 1429 3933; x_wconf 89' lang='lat' dir='ltr'>ipsius</span> <span class='ocrx_word' id='word_1_200' title='bbox 1471 3846 1914 3934; x_wconf 87' lang='lat' dir='ltr'>philosophiae</span> <span class='ocrx_word' id='word_1_201' title='bbox 1955 3846 2026 3914; x_wconf 87' lang='lat' dir='ltr'>in</span> <span class='ocrx_word' id='word_1_202' title='bbox 2076 3846 2410 3917; x_wconf 87' lang='lat' dir='ltr'>hominum</span> <span class='ocrx_word' id='word_1_203' title='bbox 2452 3868 2690 3935; x_wconf 82' lang='lat' dir='ltr'>genere</span> 
     </span>
     <span class='ocr_line' id='line_1_30' title="bbox 794 3947 2682 4056; baseline -0.002 -20"><span class='ocrx_word' id='word_1_204' title='bbox 794 3980 1122 4056; x_wconf 81' lang='lat' dir='ltr'>patentes,</span> <span class='ocrx_word' id='word_1_205' title='bbox 1188 3964 1375 4049; x_wconf 75' lang='lat' dir='ltr'>sequi</span> <span class='ocrx_word' id='word_1_206' title='bbox 1430 3947 1735 4032; x_wconf 80' lang='lat' dir='ltr'>conemur</span> <span class='ocrx_word' id='word_1_207' title='bbox 1755 3983 1779 4030; x_wconf 68' lang='grc' dir='ltr'><strong><em>ε</em></strong></span> <span class='ocrx_word' id='word_1_208' title='bbox 1843 3980 1979 4032; x_wconf 89' lang='lat' dir='ltr'>non</span> <span class='ocrx_word' id='word_1_209' title='bbox 2026 3975 2103 4032; x_wconf 90' lang='lat' dir='ltr'>ut</span> <span class='ocrx_word' id='word_1_210' title='bbox 2123 4009 2152 4048; x_wconf 91' lang='lat'><strong>,</strong></span> <span class='ocrx_word' id='word_1_211' title='bbox 2196 3981 2542 4048; x_wconf 82' lang='lat' dir='ltr'>puerorum</span> <span class='ocrx_word' id='word_1_212' title='bbox 2580 3964 2682 4032; x_wconf 49' lang='lat' dir='ltr'>in*-</span> 
     </span>
    </p>

    <p class='ocr_par' dir='ltr' id='par_1_4' title="bbox 2493 4093 2679 4170">
     <span class='ocr_line' id='line_1_31' title="bbox 2493 4093 2679 4170; baseline -0.005 -20"><span class='ocrx_word' id='word_1_213' title='bbox 2493 4093 2626 4150; x_wconf 78' lang='lat' dir='ltr'>suu·</span> <span class='ocrx_word' id='word_1_214' title='bbox 2645 4129 2679 4170; x_wconf 85' lang='lat'><strong>,</strong></span> 
     </span>
    </p>
   </div>
   <div class='ocr_carea' id='block_1_3' title="bbox 2841 4137 2846 4244">
    <p class='ocr_par' dir='ltr' id='par_1_5' title="bbox 2841 4137 2846 4244">
     <span class='ocr_line' id='line_1_32' title="bbox 2841 4137 2846 4244; baseline 0 0"><span class='ocrx_word' id='word_1_215' title='bbox 2841 4137 2846 4244; x_wconf 67' lang='lat' dir='ltr'>J</span> 
     </span>
    </p>
   </div>
  </div>
 </body>
</html>
