2900 4817
1485 438 1574 457 -
1621 422 1740 486 144
1784 394 1895 456 -‘

787 578 1251 668 ·Conjunctum
1318 584 1476 650 illud
1516 554 1909 669 'Protagorae
1959 582 2213 654 effatum
2240 633 2263 668 ‚
2331 603 2401 653 ut
2463 589 2623 658 hinc.

738 697 1137 794 colligimus,
1201 720 1386 787 quam
1451 702 1739 789 proxime
1793 717 1889 769 ωε
1970 706 2115 770 cuin
2184 706 2613 792 philosopho-

738 837 876 884 rum
938 818 1267 885 sententiis
1292 865 1317 900 ‚
1380 818 1490 901 qui
1542 818 1665 883 labi
1724 839 1795 886 ac
1839 821 2067 886 mutari
2103 823 2314 889 omnia
2353 841 2613 892 conten-

735 935 992 1003 debant.
1078 936 1180 1003 De
1216 934 1317 1001 his
1367 930 1515 1002 fuse
1551 936 1852 1021 deinceps
1877 939 2197 1007 Socrates.

999 1168 1521 1234 Sentenn'ae
1571 1167 2324 1258 philosophorum,

776 1303 977 1369 quos
1040 1283 1305 1352 Plato
1363 1292 1555 1364 τοὺς
1614 1289 1958 1372 ,ἔεδνα-αις
2021 1290 2563 1376 Φιλοσόφους

1443 1402 1898 1492 appellat.

759 1625 763 1629 ”
817 1628 889 1696 In
912 1626 1033 1692 hoc
1068 1636 1274 1700 autem
1322 1642 1545 1692 omnes
1600 1624 1896 1711 deinceps
1936 1624 2253 1711 sapientes
2277 1673 2305 1710 ,
2346 1626 2602 1712 inquit,

727 1758 990 1826 excepto
1017 1742 1382 1811 Parmenide
1398 1792 1424 1827 ,
1468 1757 1927 1811 consenserunt
1953 1791 1977 1826 ‚
2022 1746 2395 1828 Protagoras
2414 1794 2441 1828 ,
2464 1746 2603 1812 He-

725 1860 1028 1941 raclitus,
1073 1860 1530 1946 EmpedocIeS‚
1580 1876 1645 1928 et
1686 1865 2019 1946 poetarum
2068 1861 2255 1928 etiam
2303 1861 2370 1926 in
2424 1877 2599 1927 utra-

723 1993 852 2059 que
897 1976 1081 2059 poesi
1142 1976 1459 2061 principes
1482 2024 1507 2059 ‚
1597 1979 1663 2043 in
1730 1979 2051 2047 comoedia
2121 1979 2542 2062 Epicharmus
2566 2028 2593 2061 ‚

717 2092 790 2160 in
832 2093 1147 2178 tragoedia
1207 2095 1526 2161 Homerus
1554 2143 1579 2178 ‚
1640 2096 1751 2177 qui
1818 2117 1964 2163 cum
2023 2097 2300 2163 dicerett
2354 2102 2593 2168 ’ssusa-

722 2216 818 2284 νόν
866 2240 937 2283 ’τε
994 2217 1131 2284 θεῶν
1187 2216 1420 2294 γένεσιν
1474 2215 1578 2283 καὶ
1623 2217 1857 2300 μητέρκ
1924 2219 2121 2294 Τηθύν
2141 2266 2160 2293 ,
2221 2213 2314 2275 (¹)
2379 2214 2590 2281 omnia

717 2329 877 2397 dixit
929 2349 970 2397 e
1033 2331 1209 2397 fluxu
1266 2345 1575 2414 motuque
1629 2346 1815 2397 nata:
1862 2350 2076 2398 nonne
2135 2332 2200 2397 id
2255 2331 2459 2398 dicere
2493 2333 2593 2398 vi-

715 2447 955 2515 detur?
1018 2484 1112 2500 —-
1159 2434 1334 2514 Mihi
1376 2448 1657 2529 quidem.
1721 2482 1813 2500 ·—-
1868 2449 2032 2533 Quis
2070 2467 2222 2532 ergo
2280 2450 2582 2515 adversus

718 2574 962 2630 tantum
1011 2564 1392 2645 exercitum,
1437 2566 1705 2650 ejusque
1757 2565 1976 2630 ducem
2020 2564 2367 2631 Homerum
2423 2584 2587 2649 pug-

711 2698 861 2751 nare
915 2680 1181 2763 audeat,
1225 2681 1382 2765 quin
1433 2680 1734 2748 ridiculus
1778 2682 2129 2747 habeatur?
2171 2718 2265 2734 —
2302 2678 2453 2747 Non
2496 2680 2587 2748 fa·

710 2798 834 2865 cile
889 2797 952 2863 id
973 2801 1007 2880 ,'
1061 2818 1102 2863 o
1142 2798 1432 2865 Socrates
1460 2845 1483 2879 ,
1526 2811 1648 2865 est.
1712 2834 1806 2851 --
1867 2799 2023 2863 Non
2074 2812 2169 2865 est
2232 2798 2576 2882 profecte,

709 2913 1090 2983 Theaetetez
1156 2915 1521 2999 praesertim
1574 2934 1719 2982 cum
1779 2916 1928 2981 haec
1989 2916 2117 2981 sint
2187 2915 2276 2980 illi
2327 2930 2583 2982 senten-

704 3032 844 3101 tiae'
891 3034 1115 3099 idonea
1158 3046 1567 3116 argumenta,
1637 3034 1861 3114 quod,
1925 3047 1999 3098 ut
2066 3031 2223 3116 quid
2270 3052 2412 3099 esse
2480 3032 2579 3099 vi-

704 3151 922 3218 datur
983 3162 1047 3216 et
1079 3148 1235 3231 fiat,
1279 3163 1538 3231 πιοτιιε,
1581 3162 1656 3216 ut
1690 3167 1820 3215 non
1865 3168 2002 3215 esse
2057 3150 2338 3216 videatur
2374 3165 2439 3217 et
2483 3150 2585 3217 in·

705 3278 944 3351 tereat‘,
1008 3267 1189 3351 quies
1241 3267 1454 3334 efficit.
1577 3267 1748 3353 Ignis
1814 3266 1980 3357 enim
2052 3269 2397 3350 calorque,
2461 3267 2578 3351 qui

700 3372 939 3455 caetera
985 3384 1186 3472 gignit
1245 3404 1313 3451 ac
1362 3386 1523 3471 regit
1545 3432 1569 3468 ,
1637 3385 1776 3469 ipse
1832 3384 2173 3471 agitatione
2225 3400 2288 3451 et
2325 3382 2579 3453 frictio·

667 3522 787 3572 ·ne
833 3505 962 3570 fit:
1002 3536 1006 3542 ·
1041 3503 1108 3568 id
1158 3516 1365 3569 autem
1423 3519 1636 3570 motus
1689 3514 1830 3569 estz
1897 3521 2111 3569 nonne
2191 3504 2341 3570 haec
2404 3503 2569 3589 ignis

699 3620 935 3704 origo?
975 3654 1066 3670 -
1106 3619 1231 3685 Est
1288 3618 1571 3684 omnino.
1617 3656 1707 3672 -
1747 3619 1921 3704 Quin
1979 3620 2159 3686 etiam
2216 3620 2565 3688 animalium

698 3755 895 3826 ‘enus
950 3753 1030 3802 ex
1080 3735 1298 3802 iisdem
1331 3737 1659 3817 ¹nascitur.
1728 3770 1821 3795 --
1880 3735 2183 3824 Quidni?
2239 3770 2334 3794 --
2388 3734 2561 3822 Quid

823 3846 854 3899 ,ι
2316 3936 2323 3945 “
2423 3870 2577 3920 cor,

762 3994 850 4073 (ι’)
882 3996 1043 4057 non.
1082 3995 1156 4059 11.
1195 3989 1254 4068 ξ.
1293 4014 1415 4054 201.
