2900 4817
1456 464 1807 527 ...44-

684 612 865 707 Ergo
930 640 1324 706 quacumque
1384 638 1534 690 sunt
1574 639 1651 690 et
1709 625 1996 708 quamvis
2057 642 2411 711 praestante
2464 634 2567 699 in'-

685 738 873 820 dole,
951 741 1253 807 utendum
1314 740 1665 824 disciplinis
1750 758 1892 824 est,
1981 743 2218 831 quibus
2299 761 2578 823 naturae,

680 868 1109 923 succurratur.
1193 855 1333 922 Hae
1377 872 1532 921 vero
1578 874 1880 939 quaenam
1933 859 2200 928 maxime
2240 859 2370 928 sint
2395 909 2422 946 ,
2463 861 2563 928 di-

679 970 981 1058 ligentius
1024 972 1149 1074 jam
1194 971 1635 1058 indagandum.

1190 1148 1313 1215 Do
1375 1150 2012 1239 arithmetica,

762 1330 839 1397 In
895 1308 1138 1396 musica
1198 1341 1262 1395 et
1320 1327 1711 1413 gymnastica
1736 1377 1761 1413 ,
1825 1329 1913 1397 ait
1967 1331 2260 1400 Socrates
2325 1332 2391 1400 in
2451 1334 2563 1401 iis-

678 1449 820 1515 dem
872 1446 972 1513 his
1016 1464 1161 1513 cum
1227 1444 1561 1512 Glaucone
1603 1460 1667 1513 et
1702 1446 2045 1514 Adimanto
2106 1449 2506 1516 sermonibus
2532 1498 2558 1531 ,

675 1566 846 1631 haud
904 1563 1341 1648 reperiuntur,
1423 1582 1579 1645 quas
1648 1565 2050 1648 quaerimus,
2136 1566 2506 1652 disciplinae
2526 1616 2554 1651 ,

677 1681 886 1749 minus
936 1681 1121 1750 etiam
1173 1681 1241 1746 in
1285 1680 1526 1747 artibus
1579 1681 2031 1750 illiberalibust
2078 1681 2248 1751 forte
2285 1686 2415 1752 sint
2449 1705 2565 1753 ex·

678 1788 777 1864 t'ra
827 1798 990 1864 illas·
1081 1797 1209 1865 Sed
1261 1816 1421 1882 age,
1478 1818 1624 1866 cum
1672 1799 1983 1867 nihildum
2038 1802 2114 1868 ab
2166 1802 2266 1869 his
2326 1804 2563 1871 discre-

681 1930 817 1981 tum
850 1930 1119 1981 mentem
1160 1915 1381 1981 subeat
1402 1963 1426 1997 ,
1471 1935 1790 1983 sumamus
1828 1918 2066 2000 aliquid
2100 1938 2318 1986 eorum
2344 1967 2370 2002 ,
2405 1940 2566 2004 quae

683 2031 981 2098 omnibus
1033 2051 1186 2098 sunt
1249 2035 1626 2101 communia.
1762 2032 1933 2127 Tum
1994 2034 2286 2118 Glauc0,
2375 2038 2561 2120 quale

679 2149 907 2217 istud?-
970 2149 1236 2232 quaerit.
1350 2149 1478 2215 Cui
1545 2150 1882 2232 Socrates,
1947 2152 2145 2218 veluti
2204 2154 2328 2219 hoc
2379 2172 2559 2221 com·

680 2285 915 2349 mune,
984 2265 1240 2348 inquit,
1320 2285 1451 2349 quo
1522 2285 1743 2337 omnes
1824 2282 2094 2334 utuntur
2149 2283 2213 2335 et
2270 2284 2434 2337 artes
2492 2274 2558 2339 et

682 2378 1100 2470 cogitationes
1144 2399 1207 2449 et
1270 2384 1606 2466 scientiae,
1690 2385 1862 2466 quod
1918 2400 1982 2452 et
2033 2385 2238 2454 cuivis
2298 2406 2560 2467 necesse

681 2518 778 2571 est
836 2517 907 2568 ut
965 2501 1234 2585 primum
1293 2501 1517 2568 discat.
1575 2538 1667 2557 ·-
1725 2501 1933 2590 Quale
1983 2521 2137 2570 vero
2187 2498 2359 2572 istud
2416 2518 2560 2572 tan·

675 2621 873 2688 dem?
917 2658 1005 2672 -
1044 2618 1192 2684 Vile
1234 2618 1478 2700 hocce,
1524 2617 1774 2702 inquit,
1820 2638 2018 2687 unum
2049 2635 2116 2689 et
2155 2622 2282 2689 duo
2330 2638 2400 2690 et
2432 2624 2553 2692 tria

678 2738 1087 2824 dignosceret
1157 2734 1301 2801 dico
1342 2750 1548 2802 autem
1600 2736 1896 2805 universe
1936 2759 2267 2806 numerum
2309 2755 2374 2808 et
2413 2758 2559 2831 sup-

664 2858 1084 2948 putationem.
1209 2852 1447 2921 Nonne
1502 2853 1666 2919 enim
1732 2852 1825 2920 sic
1883 2872 1957 2922 se
2012 2873 2113 2922 res
2163 2856 2354 2924 habet
2371 2906 2397 2939 ,
2485 2873 2561 2925 ut

681 2975 890 3041 omnis
936 2985 1001 3039 et
1049 2989 1149 3036 ars
1205 2983 1271 3036 et
1328 2968 1614 3035 doctrina
1668 2988 1887 3037 eorum
1946 2973 2300 3041 necessario
2361 2976 2558 3060 parti-

673 3111 828 3177 ceps
860 3089 1001 3157 sit?
1041 3124 1136 3141 —
1176 3086 1488 3153 Omnino.
1526 3126 1614 3140 -
1656 3086 1786 3155 Hic
1826 3087 2119 3157 Socrates
2156 3092 2413 3158 miratur
2444 3110 2558 3160 an·

679 3210 921 3291 tiquam
993 3207 1073 3272 de
1145 3205 1467 3271 Palamede
1532 3204 1934 3275 traditionem
1959 3254 1985 3290 ,
2071 3205 2174 3276 in·
2218 3212 2558 3295 tragoediis

681 3326 1005 3407 obviam,-
1054 3323 1241 3390 -illum
1317 3320 1566 3405 fuisse,
1651 3322 1790 3408 qui-
1836 3342 2135 3417 numeros
2218 3325 2551 3398 inveniret.

676 3442 928 3529 Quasi,
1010 3440 1261 3523 inquit,
1346 3455 1495 3505 ante
1549 3440 1932 3510 Palamedem
1989 3460 2109 3510 nec
2163 3443 2418 3513 ordines
2487 3447 2552 3515 in

676 3560 809 3629 acie
867 3560 1180 3625 collocare
1232 3556 1667 3642 Agamemnon
1689 3603 1716 3640 ,
1781 3575 1898 3625 nec
1950 3576 2143 3625 naves
2204 3576 2556 3645 supputare

676 3677 996 3765 potuisset
1017 3720 1043 3756 ,
1086 3693 1202 3741 nec
1228 3692 1384 3751 vero
1415 3673 1559 3758 ipse
1581 3719 1606 3755 ,
1652 3688 1815 3756 quot
1853 3674 2110 3742 haberet
2151 3679 2387 3760 pedes,
2429 3679 2558 3746 sci·-

670 3798 898 3865 visset.
963 3824 1058 3845 —
1116 3789 1451 3857 Ridiculus
1507 3789 1799 3874 profecto
1861 3792 2173 3860 exercitus
2247 3796 2376 3863 dux
2397 3844 2422 3879 ,
2499 3798 2559 3866 si

670 3912 834 3980 illud
885 3921 1056 3977 esset
1101 3904 1366 3973 verum!
1422 3938 1520 3958 —
1577 3906 1784 3974 Estne
1847 3907 2039 3994 igitur
2102 3913 2275 3995 quod
2342 3916 2554 3982 virum

672 4030 996 4106 militarem
1067 4022 1263 4109 magis
1330 4036 1618 4110 oporteat
1668 4043 2054 4118 cognoscere
2076 4075 2098 4113 ,
2173 4048 2377 4113 ,quam
2442 4052 2559 4125 pu.

2435 4168 2561 4219 me-
