2900 4817
1582 524 1974 573 ...220—

830 682 1005 752 fecto
1072 683 1128 762 si
1198 683 1454 768 assequi
1529 687 1821 753 mortales
1897 703 2033 752 non
2111 697 2380 769 possent
2403 727 2429 766 ,
2525 705 2738 771 supra

834 818 1020 887 quam
1081 801 1204 868 dici
1262 815 1475 886 potest
1502 847 1526 883 ,
1590 800 1813 870 misera
1878 819 2094 870 eorum
2149 799 2435 870 conditio
2499 819 2732 872 esset:

827 919 1090 985 scientia
1130 918 1376 1003 agitur,
1418 921 1682 986 scientia
1705 965 1730 999 ‚
1772 918 2028 1000 inquam
2044 964 2069 999 ,
2111 921 2250 986 ven·
2270 937 2298 983 .·
2349 927 2463 989 τοῦ
2501 922 2683 1000 ὄντος
2703 968 2731 1002 ,

832 1041 1019 1106 αὐτοῦ
1059 1043 1164 1106 τοῦ
1206 1035 1366 1113 ὄντος
1407 1038 1696 1103 scientia.
1825 1034 2008 1101 Hanc
2054 1047 2261 1102 autem
2311 1048 2384 1101 ut
2403 1080 2431 1116 ,
2501 1038 2731 1119 qualis

830 1150 916 1218 sit
938 1197 963 1233 ‚
1028 1151 1166 1218 sive
1221 1168 1630 1233 assequamur
1700 1149 1840 1218 sive
1893 1163 2064 1219 certe
2118 1149 2526 1234 suspicemur
2579 1167 2726 1219 tm-

828 1269 971 1335 dem
1012 1267 1479 1350 quodammodo
1504 1313 1530 1350 ,
1572 1286 1763 1354 opera
1792 1269 1980 1335 nobis
2019 1267 2216 1335 danda
2246 1268 2527 1353 primum
2573 1286 2728 1352 εει,

830 1397 905 1452 ut
948 1402 1084 1453 eam
1140 1399 1312 1453 recte
1347 1404 1386 1452 a
1426 1385 1692 1453 veritate
1740 1386 2222 1470 distinguamus.

1072 1640 1292 1729 Quid
1347 1645 1675 1712 veritas
1733 1642 1954 1730 apud
2008 1641 2455 1710 Platonem

929 1745 1111 1829 eit?
1172 1759 1492 1847 Quidni
1552 1763 2008 1828 scicntt‘am
2074 1759 2314 1827 nobis
2373 1763 2616 1829 ‘vert'-

1372 1881 1604 1944 tatis
1670 1874 2149 1946 tradidit?

907 2109 1081 2199 Quid
1135 2107 1366 2175 veritas
1424 2108 1508 2174 sit
1532 2155 1557 2189 ‚
1601 2110 1892 2191 quaestio
1947 2108 2119 2175 omni
2173 2126 2330 2174 aevo
2392 2128 2428 2175 a
2488 2111 2723 2196 philo-

825 2228 1050 2313 sophis
1097 2231 1287 2312 longe
1329 2224 1683 2293 difficillima
1728 2227 1937 2292 habita
1990 2243 2113 2293 est.
2205 2224 2437 2292 Eadem
2488 2244 2716 2295 autem

820 2345 990 2429 apud
1026 2346 1348 2412 Platonem
1390 2343 1500 2409 vix
1536 2343 1877 2426 quidquam
1917 2361 2069 2410 esse
2108 2342 2458 2426 simplicius
2504 2359 2720 2428 atque

819 2463 896 2529 ad
919 2460 1349 2527 declarandum
1376 2457 1624 2526 facilius
1659 2459 1931 2532 videtur.
2018 2458 2256 2525 Verum
2277 2474 2465 2526 vocat
2485 2467 2565 2536 τὸ
2591 2467 2661 2534 6..
2680 2509 2711 2543 ‚

816 2577 988 2665 quod
1020 2591 1108 2643 est
1127 2626 1152 2659 ‚
1188 2591 1379 2659 atque
1414 2577 1507 2642 illi
1540 2576 1811 2661 opponit
1830 2623 1854 2657 ,
1879 2575 2048 2662 quod
2083 2576 2360 2645 vitietur.
2421 2578 2575 2645 Nos
2613 2582 2712 2652 ita

821 2695 1205 2780 opponimus
1266 2693 1330 2761 in
1370 2693 1651 2761 familiari
1693 2711 1978 2760 sermone
2001 2739 2027 2775 ‚
2082 2714 2282 2760 ψειεν)
2321 2714 2399 2759 en
2435 2698 2702 2784 seht-yn,
2779 2743 2794 2760 .
2839 2755 2840 2764 ,

818 2828 922 2895 et,
956 2814 1011 2879 si
1054 2813 1209 2897 quid
1250 2799 1601 2880 asseverare
1636 2825 1947 2894 tamquam
1971 2811 2403 2893 verissimum,
2437 2812 2487 2876 si
2541 2815 2708 2896 quid

813 2929 998 2998 etiam
1059 2946 1254 3013 atque
1304 2930 1489 2996 etiam
1552 2928 1738 2994 alicui
1800 2925 2100 2995 affirmare
2158 2930 2482 2995 studemus
2505 2977 2534 3010 ‚
2597 2931 2706 2997 di·

816 3059 957 3113 cere
996 3045 1167 3114 fere:
1214 3047 1317 3113 het
1350 3051 1406 3112 is
1441 3044 1762 3133 mzenlffk
1799 3067 1910 3112 zoo
1927 3093 1950 3126 ‚
1996 3047 2297 3114 solemus.
2387 3047 2705 3132 Discipu-

816 3182 933 3230 nae
989 3162 1308 3246 optimae,
1365 3162 1478 3228 sed
1532 3161 1714 3228 etiam
1763 3161 2044 3229 veritatis
2070 3211 2094 3244 ,
2150 3163 2351 3246 qualis
2393 3164 2524 3247 sit,
2580 3167 2700 3233 de-

814 3281 1130 3348 clarandae
1165 3298 1422 3358 caussa,
1469 3277 1740 3345 fabulam
1803 3278 1966 3344 illam
2022 3281 2197 3346 Plato
2246 3279 2327 3347 de
2379 3282 2691 3365 spelunea

812 3397 1128 3482 ‘narravit3
1175 3396 1477 3482 explicuit
1523 3413 1726 3462 autem
1769 3397 1982 3463 eadem
2032 3396 2300 3481 imagine
2344 3397 2686 3468 discrimen

810 3511 1216 3598 'potissimum
1242 3561 1266 3595 ‚
1312 3529 1443 3595 quo
1490 3512 1595 3591 id,
1644 3512 1819 3596 quod
1858 3525 1994 3594 est,
2056 3513 2133 3580 ab
2174 3531 2297 3596 e0,
2364 3518 2541 3596 quod
2583 3518 2694 3584 vi·

812 3633 1033 3713 detur,
1078 3630 1613 3718 distingueretur=
1680 3631 1843 3696 idem
1882 3631 2050 3714 apud
2101 3649 2247 3697 eum
2290 3632 2456 3699 inter
2495 3653 2688 3704 mun-

812 3750 960 3818 dum
1004 3753 1209 3834 ὅρωτδν
1271 3762 1332 3815 et
1388 3754 1586 3830 νοητὸν
1647 3746 2002 3814 discrimen·
2039 3747 2311 3817 obtinet.
2438 3749 2684 3835 Porro,

805 3865 973 3952 'quae
1021 3866 1420 3949 assequimur
1482 3866 1623 3949 ipsa
1679 3880 1928 3946 mente,
1972 3871 2128 3934 νεῖ-α
2186 3865 2359 3949 apud
2413 3865 2684 3937 eundem

807 3999 961 4052 sunt
1014 4001 1167 4050 mc.
1214 3983 1633 4066 quaecunque
1684 3981 2044 4050 referuntur
2094 3983 2172 4049 ad
2223 3983 2684 4069 quantitatem,

813 4101 1171 4188 qualitatem
1190 4097 1787 4192 {magnitudinem
1826 4097 2325 4174 similitudinem.
2429 4100 2525 4170 Ita
2563 4119 2684 4168 no-

1360 4220 1368 4231 '
2575 4218 2686 4288 bis
