<?xml version="1.0" encoding="UTF-8"?>
<!DOCTYPE html PUBLIC "-//W3C//DTD XHTML 1.0 Transitional//EN"
    "http://www.w3.org/TR/xhtml1/DTD/xhtml1-transitional.dtd">
<html xmlns="http://www.w3.org/1999/xhtml" xml:lang="en" lang="en">
 <head>
  <title>
</title>
<meta http-equiv="Content-Type" content="text/html;charset=utf-8" />
  <meta name='ocr-system' content='tesseract 3.04.00' />
  <meta name='ocr-capabilities' content='ocr_page ocr_carea ocr_par ocr_line ocrx_word'/>
</head>
<body>
  <div class='ocr_page' id='page_1' title='image "./initiaphilosoph06heusgoog/initiaphilosoph06heusgoog_0266.png"; bbox 0 0 2900 4817; ppageno 0'>
   <div class='ocr_carea' id='block_1_1' title="bbox 1447 393 1796 477">
    <p class='ocr_par' dir='ltr' id='par_1_1' title="bbox 1447 393 1796 477">
     <span class='ocr_line' id='line_1_1' title="bbox 1447 393 1796 477; baseline 0.003 -10"><span class='ocrx_word' id='word_1_1' title='bbox 1447 393 1796 477; x_wconf 60' lang='lat'><strong>-364—</strong></span> 
     </span>
    </p>
   </div>
   <div class='ocr_carea' id='block_1_2' title="bbox 663 566 2584 4182">
    <p class='ocr_par' dir='ltr' id='par_1_2' title="bbox 663 566 2584 4061">
     <span class='ocr_line' id='line_1_2' title="bbox 684 566 2584 670; baseline 0.003 -25"><span class='ocrx_word' id='word_1_2' title='bbox 684 575 787 645; x_wconf 83' lang='lat' dir='ltr'>bis</span> <span class='ocrx_word' id='word_1_3' title='bbox 826 577 971 646; x_wconf 83' lang='lat' dir='ltr'>licet</span> <span class='ocrx_word' id='word_1_4' title='bbox 1006 576 1260 665; x_wconf 77' lang='lat' dir='ltr'>ducere.</span> <span class='ocrx_word' id='word_1_5' title='bbox 1364 573 1614 663; x_wconf 71' lang='lat' dir='ltr'>Verum</span> <span class='ocrx_word' id='word_1_6' title='bbox 1662 576 1820 645; x_wconf 86' lang='lat' dir='ltr'>nihil</span> <span class='ocrx_word' id='word_1_7' title='bbox 1850 576 2114 647; x_wconf 68' lang='lat' dir='ltr'>hoesd-</span> <span class='ocrx_word' id='word_1_8' title='bbox 2135 566 2584 670; x_wconf 43' lang='lat' dir='ltr'>philosopldaeef</span> 
     </span>
     <span class='ocr_line' id='line_1_3' title="bbox 686 692 2556 783; baseline 0.003 -22"><span class='ocrx_word' id='word_1_9' title='bbox 686 692 962 783; x_wconf 71' lang='lat' dir='ltr'>Platonis</span> <span class='ocrx_word' id='word_1_10' title='bbox 1028 693 1261 781; x_wconf 46' lang='lat' dir='ltr'>initia„</span> <span class='ocrx_word' id='word_1_11' title='bbox 1316 693 1778 781; x_wconf 71' lang='lat' dir='ltr'>Persequamur</span> <span class='ocrx_word' id='word_1_12' title='bbox 1835 713 1986 777; x_wconf 79' lang='lat' dir='ltr'>cum</span> <span class='ocrx_word' id='word_1_13' title='bbox 2039 695 2301 764; x_wconf 86' lang='lat' dir='ltr'>Socrate</span> <span class='ocrx_word' id='word_1_14' title='bbox 2345 716 2556 767; x_wconf 70' lang='lat' dir='ltr'>astro-</span> 
     </span>
     <span class='ocr_line' id='line_1_4' title="bbox 685 808 2560 899; baseline 0 -20"><span class='ocrx_word' id='word_1_15' title='bbox 685 811 954 879; x_wconf 85' lang='lat' dir='ltr'>nomiam</span> <span class='ocrx_word' id='word_1_16' title='bbox 977 854 1001 890; x_wconf 90' lang='lat'>,</span> <span class='ocrx_word' id='word_1_17' title='bbox 1048 827 1385 899; x_wconf 75' lang='lat' dir='ltr'>veramque,</span> <span class='ocrx_word' id='word_1_18' title='bbox 1417 811 1555 893; x_wconf 80' lang='lat' dir='ltr'>ejus</span> <span class='ocrx_word' id='word_1_19' title='bbox 1596 808 1988 895; x_wconf 66' lang='lat' dir='ltr'>attendamus</span> <span class='ocrx_word' id='word_1_20' title='bbox 2030 828 2173 875; x_wconf 89' lang='lat' dir='ltr'>cum</span> <span class='ocrx_word' id='word_1_21' title='bbox 2217 810 2560 881; x_wconf 84' lang='lat' dir='ltr'>instituen-</span> 
     </span>
     <span class='ocr_line' id='line_1_5' title="bbox 682 924 2554 1013; baseline 0.002 -22"><span class='ocrx_word' id='word_1_22' title='bbox 682 925 796 1011; x_wconf 74' lang='lat' dir='ltr'>dae</span> <span class='ocrx_word' id='word_1_23' title='bbox 858 940 992 992; x_wconf 84' lang='lat' dir='ltr'>tum</span> <span class='ocrx_word' id='word_1_24' title='bbox 1058 926 1413 999; x_wconf 75' lang='lat' dir='ltr'>tractandae</span> <span class='ocrx_word' id='word_1_25' title='bbox 1469 924 1818 1013; x_wconf 76' lang='lat' dir='ltr'>rationem,</span> <span class='ocrx_word' id='word_1_26' title='bbox 1879 940 1951 992; x_wconf 89' lang='lat' dir='ltr'>ut</span> <span class='ocrx_word' id='word_1_27' title='bbox 2008 946 2172 1011; x_wconf 86' lang='lat' dir='ltr'>quae</span> <span class='ocrx_word' id='word_1_28' title='bbox 2215 927 2286 996; x_wconf 86' lang='lat' dir='ltr'>in</span> <span class='ocrx_word' id='word_1_29' title='bbox 2345 946 2554 998; x_wconf 88' lang='lat' dir='ltr'>mente</span> 
     </span>
     <span class='ocr_line' id='line_1_6' title="bbox 682 1042 2548 1141; baseline 0.003 -32"><span class='ocrx_word' id='word_1_30' title='bbox 682 1046 905 1109; x_wconf 72' lang='lat' dir='ltr'>nostra</span> <span class='ocrx_word' id='word_1_31' title='bbox 992 1042 1285 1141; x_wconf 73' lang='lat' dir='ltr'>deorsum</span> <span class='ocrx_word' id='word_1_32' title='bbox 1371 1056 1659 1127; x_wconf 85' lang='lat' dir='ltr'>spectant</span> <span class='ocrx_word' id='word_1_33' title='bbox 1699 1089 1724 1124; x_wconf 90' lang='lat'>,</span> <span class='ocrx_word' id='word_1_34' title='bbox 1807 1046 2063 1133; x_wconf 65' lang='lat' dir='ltr'>sursum</span> <span class='ocrx_word' id='word_1_35' title='bbox 2139 1048 2548 1115; x_wconf 71' lang='lat' dir='ltr'>attollamnsz</span> 
     </span>
     <span class='ocr_line' id='line_1_7' title="bbox 680 1160 2552 1265; baseline 0.005 -38"><span class='ocrx_word' id='word_1_36' title='bbox 680 1160 861 1247; x_wconf 84' lang='lat' dir='ltr'>quod</span> <span class='ocrx_word' id='word_1_37' title='bbox 916 1174 1252 1227; x_wconf 84' lang='lat' dir='ltr'>commune</span> <span class='ocrx_word' id='word_1_38' title='bbox 1314 1175 1413 1249; x_wconf 69' lang='lat' dir='ltr'>est</span> <span class='ocrx_word' id='word_1_39' title='bbox 1462 1160 1633 1244; x_wconf 85' lang='lat' dir='ltr'>apud</span> <span class='ocrx_word' id='word_1_40' title='bbox 1689 1160 2016 1265; x_wconf 68' lang='lat' dir='ltr'>Platonem</span> <span class='ocrx_word' id='word_1_41' title='bbox 2077 1161 2297 1239; x_wconf 79' lang='lat' dir='ltr'>harum</span> <span class='ocrx_word' id='word_1_42' title='bbox 2357 1166 2552 1235; x_wconf 85' lang='lat' dir='ltr'>disci-</span> 
     </span>
     <span class='ocr_line' id='line_1_8' title="bbox 681 1276 2554 1370; baseline 0.002 -25"><span class='ocrx_word' id='word_1_43' title='bbox 681 1278 988 1370; x_wconf 70' lang='lat' dir='ltr'>plinarum</span> <span class='ocrx_word' id='word_1_44' title='bbox 1043 1276 1474 1361; x_wconf 82' lang='lat' dir='ltr'>propositum.</span> <span class='ocrx_word' id='word_1_45' title='bbox 1558 1276 1636 1343; x_wconf 83' lang='lat' dir='ltr'>ld</span> <span class='ocrx_word' id='word_1_46' title='bbox 1673 1276 1804 1343; x_wconf 83' lang='lat' dir='ltr'>sibi</span> <span class='ocrx_word' id='word_1_47' title='bbox 1860 1278 2111 1346; x_wconf 82' lang='lat' dir='ltr'>videtur</span> <span class='ocrx_word' id='word_1_48' title='bbox 2155 1280 2404 1349; x_wconf 88' lang='lat' dir='ltr'>Glauco</span> <span class='ocrx_word' id='word_1_49' title='bbox 2467 1285 2554 1355; x_wconf 86' lang='lat' dir='ltr'>de</span> 
     </span>
     <span class='ocr_line' id='line_1_9' title="bbox 678 1392 2552 1484; baseline 0.003 -23"><span class='ocrx_word' id='word_1_50' title='bbox 678 1392 1061 1481; x_wconf 72' lang='lat' dir='ltr'>astronomia</span> <span class='ocrx_word' id='word_1_51' title='bbox 1120 1392 1258 1478; x_wconf 90' lang='lat' dir='ltr'>ipse</span> <span class='ocrx_word' id='word_1_52' title='bbox 1311 1393 1674 1479; x_wconf 72' lang='lat' dir='ltr'>perspicere</span> <span class='ocrx_word' id='word_1_53' title='bbox 1727 1395 2058 1469; x_wconf 82' lang='lat' dir='ltr'>continuo.</span> <span class='ocrx_word' id='word_1_54' title='bbox 2147 1397 2331 1467; x_wconf 84' lang='lat' dir='ltr'>Hane</span> <span class='ocrx_word' id='word_1_55' title='bbox 2408 1401 2552 1484; x_wconf 85' lang='lat' dir='ltr'>qui-</span> 
     </span>
     <span class='ocr_line' id='line_1_10' title="bbox 677 1511 2551 1603; baseline 0.005 -26"><span class='ocrx_word' id='word_1_56' title='bbox 677 1514 867 1603; x_wconf 68' lang='lat' dir='ltr'>dqu,</span> <span class='ocrx_word' id='word_1_57' title='bbox 919 1511 1129 1596; x_wconf 89' lang='lat' dir='ltr'>inquit</span> <span class='ocrx_word' id='word_1_58' title='bbox 1155 1558 1181 1593; x_wconf 93' lang='lat'>,</span> <span class='ocrx_word' id='word_1_59' title='bbox 1225 1525 1496 1579; x_wconf 84' lang='lat' dir='ltr'>mentem</span> <span class='ocrx_word' id='word_1_60' title='bbox 1554 1530 1825 1596; x_wconf 84' lang='lat' dir='ltr'>cogere,</span> <span class='ocrx_word' id='word_1_61' title='bbox 1884 1527 1974 1579; x_wconf 88' lang='lat' dir='ltr'>ut·</span> <span class='ocrx_word' id='word_1_62' title='bbox 2007 1533 2258 1585; x_wconf 85' lang='lat' dir='ltr'>sursum</span> <span class='ocrx_word' id='word_1_63' title='bbox 2304 1532 2551 1600; x_wconf 86' lang='lat' dir='ltr'>spectet</span> 
     </span>
     <span class='ocr_line' id='line_1_11' title="bbox 675 1629 2550 1715; baseline 0.002 -17"><span class='ocrx_word' id='word_1_64' title='bbox 675 1645 759 1715; x_wconf 64' lang='lat' dir='ltr'>ett</span> <span class='ocrx_word' id='word_1_65' title='bbox 803 1629 951 1697; x_wconf 87' lang='lat' dir='ltr'>hinc</span> <span class='ocrx_word' id='word_1_66' title='bbox 1009 1649 1144 1696; x_wconf 86' lang='lat' dir='ltr'>eam</span> <span class='ocrx_word' id='word_1_67' title='bbox 1199 1630 1349 1697; x_wconf 90' lang='lat' dir='ltr'>illuc</span> <span class='ocrx_word' id='word_1_68' title='bbox 1404 1644 1820 1712; x_wconf 89' lang='lat' dir='ltr'>convertere,</span> <span class='ocrx_word' id='word_1_69' title='bbox 1864 1630 2160 1699; x_wconf 86' lang='lat' dir='ltr'>omnibus</span> <span class='ocrx_word' id='word_1_70' title='bbox 2225 1650 2369 1701; x_wconf 85' lang='lat' dir='ltr'>esse</span> <span class='ocrx_word' id='word_1_71' title='bbox 2418 1653 2550 1702; x_wconf 81' lang='lat' dir='ltr'>ma·</span> 
     </span>
     <span class='ocr_line' id='line_1_12' title="bbox 677 1736 2548 1836; baseline 0.003 -21"><span class='ocrx_word' id='word_1_72' title='bbox 677 1746 982 1815; x_wconf 87' lang='lat' dir='ltr'>nifestum</span> <span class='ocrx_word' id='word_1_73' title='bbox 1033 1746 1309 1815; x_wconf 85' lang='lat' dir='ltr'>videtur.</span> <span class='ocrx_word' id='word_1_74' title='bbox 1397 1744 1530 1813; x_wconf 91' lang='lat' dir='ltr'>Cui</span> <span class='ocrx_word' id='word_1_75' title='bbox 1598 1746 1931 1815; x_wconf 79' lang='lat' dir='ltr'>Socrates:</span> <span class='ocrx_word' id='word_1_76' title='bbox 1981 1736 2291 1817; x_wconf 62' lang='lat' dir='ltr'>&#39;omnibus</span> <span class='ocrx_word' id='word_1_77' title='bbox 2331 1749 2548 1836; x_wconf 87' lang='lat' dir='ltr'>forte,</span> 
     </span>
     <span class='ocr_line' id='line_1_13' title="bbox 674 1862 2542 1949; baseline 0.003 -19"><span class='ocrx_word' id='word_1_78' title='bbox 674 1864 930 1949; x_wconf 85' lang='lat' dir='ltr'>inquit,</span> <span class='ocrx_word' id='word_1_79' title='bbox 992 1878 1419 1949; x_wconf 80' lang='lat' dir='ltr'>praeterquam</span> <span class='ocrx_word' id='word_1_80' title='bbox 1483 1862 1689 1931; x_wconf 76' lang='lat' dir='ltr'>mihit</span> <span class='ocrx_word' id='word_1_81' title='bbox 1767 1864 1919 1931; x_wconf 88' lang='lat' dir='ltr'>mihi</span> <span class='ocrx_word' id='word_1_82' title='bbox 1965 1865 2134 1933; x_wconf 77' lang='lat' dir='ltr'>,enim</span> <span class='ocrx_word' id='word_1_83' title='bbox 2197 1884 2330 1933; x_wconf 87' lang='lat' dir='ltr'>non</span> <span class='ocrx_word' id='word_1_84' title='bbox 2389 1868 2542 1935; x_wconf 88' lang='lat' dir='ltr'>item</span> 
     </span>
     <span class='ocr_line' id='line_1_14' title="bbox 671 1978 2548 2069; baseline 0.001 -19"><span class='ocrx_word' id='word_1_85' title='bbox 671 1981 950 2050; x_wconf 80' lang='lat' dir='ltr'>videtur.</span> <span class='ocrx_word' id='word_1_86' title='bbox 1044 1979 1141 2046; x_wconf 93' lang='lat' dir='ltr'>Ut</span> <span class='ocrx_word' id='word_1_87' title='bbox 1191 1998 1361 2046; x_wconf 89' lang='lat' dir='ltr'>nunc</span> <span class='ocrx_word' id='word_1_88' title='bbox 1424 1978 1675 2063; x_wconf 88' lang='lat' dir='ltr'>quidem</span> <span class='ocrx_word' id='word_1_89' title='bbox 1727 1998 1858 2048; x_wconf 87' lang='lat' dir='ltr'>eam</span> <span class='ocrx_word' id='word_1_90' title='bbox 1898 1996 2162 2056; x_wconf 83' lang='lat' dir='ltr'>tractant</span> <span class='ocrx_word' id='word_1_91' title='bbox 2186 2027 2214 2064; x_wconf 89' lang='lat'>,</span> <span class='ocrx_word' id='word_1_92' title='bbox 2255 1982 2366 2067; x_wconf 88' lang='lat' dir='ltr'>qui</span> <span class='ocrx_word' id='word_1_93' title='bbox 2401 1985 2548 2069; x_wconf 88' lang='lat' dir='ltr'>phi·</span> 
     </span>
     <span class='ocr_line' id='line_1_15' title="bbox 675 2096 2547 2191; baseline 0.003 -28"><span class='ocrx_word' id='word_1_94' title='bbox 675 2096 1009 2191; x_wconf 76' lang='lat' dir='ltr'>Iosophiae</span> <span class='ocrx_word' id='word_1_95' title='bbox 1064 2096 1277 2182; x_wconf 84' lang='lat' dir='ltr'>ipsum</span> <span class='ocrx_word' id='word_1_96' title='bbox 1325 2097 1646 2183; x_wconf 71' lang='lat' dir='ltr'>iungunt,</span> <span class='ocrx_word' id='word_1_97' title='bbox 1688 2114 1763 2164; x_wconf 89' lang='lat' dir='ltr'>ut</span> <span class='ocrx_word' id='word_1_98' title='bbox 1807 2099 2101 2167; x_wconf 86' lang='lat' dir='ltr'>deorsum</span> <span class='ocrx_word' id='word_1_99' title='bbox 2151 2118 2327 2167; x_wconf 88' lang='lat' dir='ltr'>mens</span> <span class='ocrx_word' id='word_1_100' title='bbox 2363 2119 2547 2186; x_wconf 86' lang='lat' dir='ltr'>spec·</span> 
     </span>
     <span class='ocr_line' id='line_1_16' title="bbox 674 2214 2544 2301; baseline -0.001 -12"><span class='ocrx_word' id='word_1_101' title='bbox 674 2232 769 2301; x_wconf 74' lang='lat' dir='ltr'>tet</span> <span class='ocrx_word' id='word_1_102' title='bbox 810 2215 1052 2284; x_wconf 87' lang='lat' dir='ltr'>efficere</span> <span class='ocrx_word' id='word_1_103' title='bbox 1093 2214 1406 2283; x_wconf 88' lang='lat' dir='ltr'>videntur.</span> <span class='ocrx_word' id='word_1_104' title='bbox 1477 2215 1587 2283; x_wconf 89' lang='lat' dir='ltr'>Tu</span> <span class='ocrx_word' id='word_1_105' title='bbox 1644 2215 1897 2299; x_wconf 85' lang='lat' dir='ltr'>quidem</span> <span class='ocrx_word' id='word_1_106' title='bbox 1938 2217 2203 2284; x_wconf 85' lang='lat' dir='ltr'>solerter</span> <span class='ocrx_word' id='word_1_107' title='bbox 2239 2216 2544 2287; x_wconf 81' lang='lat' dir='ltr'>informas</span> 
     </span>
     <span class='ocr_line' id='line_1_17' title="bbox 672 2324 2543 2417; baseline -0.001 -12"><span class='ocrx_word' id='word_1_108' title='bbox 672 2352 826 2405; x_wconf 80' lang='lat' dir='ltr'>sane</span> <span class='ocrx_word' id='word_1_109' title='bbox 882 2332 1272 2417; x_wconf 79' lang='lat' dir='ltr'>disciplinam</span> <span class='ocrx_word' id='word_1_110' title='bbox 1328 2324 1549 2400; x_wconf 84' lang='lat' dir='ltr'>eorum</span> <span class='ocrx_word' id='word_1_111' title='bbox 1624 2352 1788 2416; x_wconf 87' lang='lat' dir='ltr'>quae</span> <span class='ocrx_word' id='word_1_112' title='bbox 1842 2334 2135 2401; x_wconf 83' lang='lat' dir='ltr'>sublimia</span> <span class='ocrx_word' id='word_1_113' title='bbox 2190 2350 2383 2403; x_wconf 69' lang='lat' dir='ltr'>sunta</span> <span class='ocrx_word' id='word_1_114' title='bbox 2442 2338 2543 2404; x_wconf 80' lang='lat' dir='ltr'>vi-</span> 
     </span>
     <span class='ocr_line' id='line_1_18' title="bbox 675 2448 2537 2534; baseline -0.002 -11"><span class='ocrx_word' id='word_1_115' title='bbox 675 2454 845 2525; x_wconf 86' lang='lat' dir='ltr'>deris</span> <span class='ocrx_word' id='word_1_116' title='bbox 921 2451 1086 2519; x_wconf 89' lang='lat' dir='ltr'>enim</span> <span class='ocrx_word' id='word_1_117' title='bbox 1113 2497 1139 2533; x_wconf 87' lang='lat'>,</span> <span class='ocrx_word' id='word_1_118' title='bbox 1225 2448 1296 2531; x_wconf 55' lang='lat' dir='ltr'>si,</span> <span class='ocrx_word' id='word_1_119' title='bbox 1346 2450 1494 2534; x_wconf 80' lang='lat' dir='ltr'>quis</span> <span class='ocrx_word' id='word_1_120' title='bbox 1559 2450 1869 2532; x_wconf 80' lang='lat' dir='ltr'>laquearia</span> <span class='ocrx_word' id='word_1_121' title='bbox 1959 2450 2152 2517; x_wconf 86' lang='lat' dir='ltr'>variis</span> <span class='ocrx_word' id='word_1_122' title='bbox 2206 2451 2537 2520; x_wconf 83' lang='lat' dir='ltr'>coloribus</span> 
     </span>
     <span class='ocr_line' id='line_1_19' title="bbox 671 2566 2544 2656; baseline 0.002 -21"><span class='ocrx_word' id='word_1_123' title='bbox 671 2570 842 2656; x_wconf 86' lang='lat' dir='ltr'>picta</span> <span class='ocrx_word' id='word_1_124' title='bbox 905 2567 1308 2653; x_wconf 71' lang='lat' dir='ltr'>suspiciens,</span> <span class='ocrx_word' id='word_1_125' title='bbox 1350 2566 1701 2650; x_wconf 88' lang='lat' dir='ltr'>perceperit</span> <span class='ocrx_word' id='word_1_126' title='bbox 1759 2566 2100 2650; x_wconf 77' lang='lat' dir='ltr'>quidquam</span> <span class='ocrx_word' id='word_1_127' title='bbox 2121 2615 2146 2651; x_wconf 92' lang='lat'>,</span> <span class='ocrx_word' id='word_1_128' title='bbox 2187 2567 2544 2638; x_wconf 84' lang='lat' dir='ltr'>existimare</span> 
     </span>
     <span class='ocr_line' id='line_1_20' title="bbox 673 2660 2542 2769; baseline -0.002 -12"><span class='ocrx_word' id='word_1_129' title='bbox 673 2706 821 2757; x_wconf 87' lang='lat' dir='ltr'>eum</span> <span class='ocrx_word' id='word_1_130' title='bbox 877 2700 1132 2767; x_wconf 87' lang='lat' dir='ltr'>mente,</span> <span class='ocrx_word' id='word_1_131' title='bbox 1197 2660 1329 2750; x_wconf 80' lang='lat' dir='ltr'>non</span> <span class='ocrx_word' id='word_1_132' title='bbox 1384 2680 1592 2754; x_wconf 87' lang='lat' dir='ltr'>oculis</span> <span class='ocrx_word' id='word_1_133' title='bbox 1633 2698 1954 2769; x_wconf 81' lang='lat' dir='ltr'>spectare:</span> <span class='ocrx_word' id='word_1_134' title='bbox 2018 2704 2089 2751; x_wconf 91' lang='lat' dir='ltr'>ac</span> <span class='ocrx_word' id='word_1_135' title='bbox 2149 2684 2317 2752; x_wconf 82' lang='lat' dir='ltr'>forte</span> <span class='ocrx_word' id='word_1_136' title='bbox 2366 2703 2542 2756; x_wconf 82' lang='lat' dir='ltr'>recte</span> 
     </span>
     <span class='ocr_line' id='line_1_21' title="bbox 672 2801 2546 2890; baseline -0.002 -15"><span class='ocrx_word' id='word_1_137' title='bbox 672 2802 990 2875; x_wconf 81' lang='lat' dir='ltr'>existimas</span> <span class='ocrx_word' id='word_1_138' title='bbox 1012 2850 1038 2886; x_wconf 91' lang='lat'>,</span> <span class='ocrx_word' id='word_1_139' title='bbox 1079 2820 1200 2889; x_wconf 86' lang='lat' dir='ltr'>ego</span> <span class='ocrx_word' id='word_1_140' title='bbox 1248 2819 1404 2869; x_wconf 86' lang='lat' dir='ltr'>vero</span> <span class='ocrx_word' id='word_1_141' title='bbox 1454 2801 1707 2887; x_wconf 74' lang='lat' dir='ltr'>ineptet</span> <span class='ocrx_word' id='word_1_142' title='bbox 1752 2820 1874 2888; x_wconf 87' lang='lat' dir='ltr'>ego</span> <span class='ocrx_word' id='word_1_143' title='bbox 1944 2818 2149 2871; x_wconf 85' lang='lat' dir='ltr'>autem</span> <span class='ocrx_word' id='word_1_144' title='bbox 2197 2822 2329 2871; x_wconf 90' lang='lat' dir='ltr'>non</span> <span class='ocrx_word' id='word_1_145' title='bbox 2387 2826 2546 2890; x_wconf 86' lang='lat' dir='ltr'>pos·</span> 
     </span>
     <span class='ocr_line' id='line_1_22' title="bbox 673 2919 2544 3003; baseline 0.001 -15"><span class='ocrx_word' id='word_1_146' title='bbox 673 2941 815 2993; x_wconf 80' lang='lat' dir='ltr'>sum</span> <span class='ocrx_word' id='word_1_147' title='bbox 877 2919 1032 2987; x_wconf 87' lang='lat' dir='ltr'>mihi</span> <span class='ocrx_word' id='word_1_148' title='bbox 1095 2919 1505 3003; x_wconf 88' lang='lat' dir='ltr'>persuadere,</span> <span class='ocrx_word' id='word_1_149' title='bbox 1567 2919 1738 2985; x_wconf 86' lang='lat' dir='ltr'>aliud</span> <span class='ocrx_word' id='word_1_150' title='bbox 1799 2934 2068 2985; x_wconf 88' lang='lat' dir='ltr'>mentem</span> <span class='ocrx_word' id='word_1_151' title='bbox 2126 2941 2380 2988; x_wconf 88' lang='lat' dir='ltr'>sursum</span> <span class='ocrx_word' id='word_1_152' title='bbox 2418 2926 2544 2990; x_wconf 84' lang='lat' dir='ltr'>tol·</span> 
     </span>
     <span class='ocr_line' id='line_1_23' title="bbox 671 3035 2540 3121; baseline 0 -15"><span class='ocrx_word' id='word_1_153' title='bbox 671 3040 849 3121; x_wconf 86' lang='lat' dir='ltr'>lere,</span> <span class='ocrx_word' id='word_1_154' title='bbox 893 3038 1016 3104; x_wconf 88' lang='lat' dir='ltr'>nisi</span> <span class='ocrx_word' id='word_1_155' title='bbox 1067 3037 1232 3102; x_wconf 88' lang='lat' dir='ltr'>illam</span> <span class='ocrx_word' id='word_1_156' title='bbox 1288 3035 1719 3119; x_wconf 75' lang='lat' dir='ltr'>disciplinam,</span> <span class='ocrx_word' id='word_1_157' title='bbox 1765 3054 1929 3119; x_wconf 87' lang='lat' dir='ltr'>quae</span> <span class='ocrx_word' id='word_1_158' title='bbox 1977 3035 2046 3101; x_wconf 91' lang='lat' dir='ltr'>id</span> <span class='ocrx_word' id='word_1_159' title='bbox 2079 3038 2257 3120; x_wconf 91' lang='lat' dir='ltr'>quod</span> <span class='ocrx_word' id='word_1_160' title='bbox 2288 3053 2540 3107; x_wconf 84' lang='lat' dir='ltr'>estnec</span> 
     </span>
     <span class='ocr_line' id='line_1_24' title="bbox 670 3152 2548 3241; baseline 0.002 -19"><span class='ocrx_word' id='word_1_161' title='bbox 670 3154 910 3240; x_wconf 86' lang='lat' dir='ltr'>percipi</span> <span class='ocrx_word' id='word_1_162' title='bbox 958 3154 1158 3220; x_wconf 84' lang='lat' dir='ltr'>oculis</span> <span class='ocrx_word' id='word_1_163' title='bbox 1222 3166 1481 3237; x_wconf 88' lang='lat' dir='ltr'>potest,</span> <span class='ocrx_word' id='word_1_164' title='bbox 1541 3165 1813 3236; x_wconf 86' lang='lat' dir='ltr'>spectat.</span> <span class='ocrx_word' id='word_1_165' title='bbox 1912 3152 2164 3241; x_wconf 88' lang='lat' dir='ltr'>Quodsi</span> <span class='ocrx_word' id='word_1_166' title='bbox 2205 3156 2349 3238; x_wconf 90' lang='lat' dir='ltr'>quis</span> <span class='ocrx_word' id='word_1_167' title='bbox 2402 3158 2548 3226; x_wconf 87' lang='lat' dir='ltr'>sive</span> 
     </span>
     <span class='ocr_line' id='line_1_25' title="bbox 670 3265 2537 3357; baseline 0.002 -21"><span class='ocrx_word' id='word_1_168' title='bbox 670 3289 926 3337; x_wconf 87' lang='lat' dir='ltr'>sursum</span> <span class='ocrx_word' id='word_1_169' title='bbox 972 3266 1214 3335; x_wconf 84' lang='lat' dir='ltr'>inhians</span> <span class='ocrx_word' id='word_1_170' title='bbox 1241 3313 1264 3346; x_wconf 88' lang='lat'>‚</span> <span class='ocrx_word' id='word_1_171' title='bbox 1309 3265 1446 3334; x_wconf 88' lang='lat' dir='ltr'>sive</span> <span class='ocrx_word' id='word_1_172' title='bbox 1487 3285 1837 3334; x_wconf 88' lang='lat' dir='ltr'>conversus</span> <span class='ocrx_word' id='word_1_173' title='bbox 1877 3269 2173 3336; x_wconf 85' lang='lat' dir='ltr'>deorsum</span> <span class='ocrx_word' id='word_1_174' title='bbox 2196 3317 2222 3353; x_wconf 89' lang='lat'>,</span> <span class='ocrx_word' id='word_1_175' title='bbox 2267 3291 2484 3341; x_wconf 88' lang='lat' dir='ltr'>eorum</span> <span class='ocrx_word' id='word_1_176' title='bbox 2509 3319 2537 3357; x_wconf 91' lang='lat'>,</span> 
     </span>
     <span class='ocr_line' id='line_1_26' title="bbox 674 3384 2539 3474; baseline 0.003 -23"><span class='ocrx_word' id='word_1_177' title='bbox 674 3405 836 3469; x_wconf 87' lang='lat' dir='ltr'>quae</span> <span class='ocrx_word' id='word_1_178' title='bbox 900 3385 1196 3452; x_wconf 82' lang='lat' dir='ltr'>sensibus</span> <span class='ocrx_word' id='word_1_179' title='bbox 1262 3397 1529 3469; x_wconf 88' lang='lat' dir='ltr'>patent,</span> <span class='ocrx_word' id='word_1_180' title='bbox 1594 3384 1835 3468; x_wconf 89' lang='lat' dir='ltr'>aliquid</span> <span class='ocrx_word' id='word_1_181' title='bbox 1892 3387 2215 3473; x_wconf 84' lang='lat' dir='ltr'>percipere</span> <span class='ocrx_word' id='word_1_182' title='bbox 2271 3391 2539 3474; x_wconf 86' lang='lat' dir='ltr'>studet,</span> 
     </span>
     <span class='ocr_line' id='line_1_27' title="bbox 667 3501 2542 3585; baseline 0.003 -16"><span class='ocrx_word' id='word_1_183' title='bbox 667 3522 786 3585; x_wconf 87' lang='lat' dir='ltr'>nec</span> <span class='ocrx_word' id='word_1_184' title='bbox 838 3504 1076 3570; x_wconf 89' lang='lat' dir='ltr'>discere</span> <span class='ocrx_word' id='word_1_185' title='bbox 1130 3521 1273 3570; x_wconf 87' lang='lat' dir='ltr'>eum</span> <span class='ocrx_word' id='word_1_186' title='bbox 1331 3502 1515 3569; x_wconf 66' lang='lat' dir='ltr'>dicor</span> <span class='ocrx_word' id='word_1_187' title='bbox 1562 3501 1887 3568; x_wconf 87' lang='lat' dir='ltr'>scientiam</span> <span class='ocrx_word' id='word_1_188' title='bbox 1942 3504 2108 3572; x_wconf 87' lang='lat' dir='ltr'>enim</span> <span class='ocrx_word' id='word_1_189' title='bbox 2172 3525 2391 3574; x_wconf 89' lang='lat' dir='ltr'>eorum</span> <span class='ocrx_word' id='word_1_190' title='bbox 2439 3527 2542 3575; x_wconf 87' lang='lat' dir='ltr'>es-</span> 
     </span>
     <span class='ocr_line' id='line_1_28' title="bbox 670 3621 2539 3705; baseline 0.002 -17"><span class='ocrx_word' id='word_1_191' title='bbox 670 3639 744 3688; x_wconf 88' lang='lat' dir='ltr'>se</span> <span class='ocrx_word' id='word_1_192' title='bbox 796 3622 1066 3687; x_wconf 76' lang='lat' dir='ltr'>nullam:</span> <span class='ocrx_word' id='word_1_193' title='bbox 1126 3638 1242 3686; x_wconf 91' lang='lat' dir='ltr'>nec</span> <span class='ocrx_word' id='word_1_194' title='bbox 1298 3638 1548 3686; x_wconf 88' lang='lat' dir='ltr'>sursum</span> <span class='ocrx_word' id='word_1_195' title='bbox 1618 3621 1756 3705; x_wconf 88' lang='lat' dir='ltr'>ejus</span> <span class='ocrx_word' id='word_1_196' title='bbox 1809 3635 2124 3705; x_wconf 83' lang='lat' dir='ltr'>mentem,</span> <span class='ocrx_word' id='word_1_197' title='bbox 2187 3625 2300 3689; x_wconf 91' lang='lat' dir='ltr'>sed</span> <span class='ocrx_word' id='word_1_198' title='bbox 2355 3626 2539 3691; x_wconf 88' lang='lat' dir='ltr'>deor·</span> 
     </span>
     <span class='ocr_line' id='line_1_29' title="bbox 667 3736 2541 3822; baseline 0.004 -19"><span class='ocrx_word' id='word_1_199' title='bbox 667 3757 809 3805; x_wconf 87' lang='lat' dir='ltr'>sum</span> <span class='ocrx_word' id='word_1_200' title='bbox 871 3750 1201 3820; x_wconf 85' lang='lat' dir='ltr'>spectare,</span> <span class='ocrx_word' id='word_1_201' title='bbox 1286 3736 1526 3803; x_wconf 84' lang='lat' dir='ltr'>etiamsi</span> <span class='ocrx_word' id='word_1_202' title='bbox 1578 3737 1914 3822; x_wconf 85' lang='lat' dir='ltr'>resupinus</span> <span class='ocrx_word' id='word_1_203' title='bbox 1968 3739 2032 3805; x_wconf 91' lang='lat' dir='ltr'>in</span> <span class='ocrx_word' id='word_1_204' title='bbox 2092 3755 2292 3811; x_wconf 86' lang='lat' dir='ltr'>terrae</span> <span class='ocrx_word' id='word_1_205' title='bbox 2353 3744 2541 3811; x_wconf 85' lang='lat' dir='ltr'>litore</span> 
     </span>
     <span class='ocr_line' id='line_1_30' title="bbox 663 3851 2536 3940; baseline 0.003 -20"><span class='ocrx_word' id='word_1_206' title='bbox 663 3856 768 3920; x_wconf 86' lang='lat' dir='ltr'>vel</span> <span class='ocrx_word' id='word_1_207' title='bbox 812 3851 994 3918; x_wconf 85' lang='lat' dir='ltr'>maris</span> <span class='ocrx_word' id='word_1_208' title='bbox 1071 3869 1346 3932; x_wconf 87' lang='lat' dir='ltr'>aequore</span> <span class='ocrx_word' id='word_1_209' title='bbox 1404 3854 1619 3936; x_wconf 75' lang='lat' dir='ltr'>Jacens</span> <span class='ocrx_word' id='word_1_210' title='bbox 1643 3899 1666 3932; x_wconf 90' lang='lat'>‚</span> <span class='ocrx_word' id='word_1_211' title='bbox 1751 3852 2094 3936; x_wconf 85' lang='lat' dir='ltr'>quidquam</span> <span class='ocrx_word' id='word_1_212' title='bbox 2162 3859 2536 3940; x_wconf 87' lang='lat' dir='ltr'>perceperit.</span> 
     </span>
     <span class='ocr_line' id='line_1_31' title="bbox 666 3966 2539 4061; baseline 0.005 -25"><span class='ocrx_word' id='word_1_213' title='bbox 666 3970 918 4059; x_wconf 86' lang='lat' dir='ltr'>Quibus</span> <span class='ocrx_word' id='word_1_214' title='bbox 953 3966 1230 4049; x_wconf 79' lang='lat' dir='ltr'>monitus</span> <span class='ocrx_word' id='word_1_215' title='bbox 1269 3968 1795 4052; x_wconf 61' lang='lat' dir='ltr'>acseprehensus</span> <span class='ocrx_word' id='word_1_216' title='bbox 1844 3968 2093 4038; x_wconf 86' lang='lat' dir='ltr'>Glauco</span> <span class='ocrx_word' id='word_1_217' title='bbox 2117 4019 2143 4056; x_wconf 90' lang='lat'>,</span> <span class='ocrx_word' id='word_1_218' title='bbox 2166 3977 2330 4055; x_wconf 73' lang='grc' dir='ltr'><strong><em>δίκην</em></strong></span> <span class='ocrx_word' id='word_1_219' title='bbox 2363 3977 2539 4061; x_wconf 77' lang='grc' dir='ltr'>ἔχω,</span> 
     </span>
    </p>

    <p class='ocr_par' dir='ltr' id='par_1_3' title="bbox 2396 4109 2543 4182">
     <span class='ocr_line' id='line_1_32' title="bbox 2396 4109 2543 4182; baseline 0 -23"><span class='ocrx_word' id='word_1_220' title='bbox 2396 4109 2543 4182; x_wconf 72' lang='lat' dir='ltr'>pa&gt;-</span> 
     </span>
    </p>
   </div>
  </div>
 </body>
</html>
