2900 4817
1360 432 1496 502 ὀ·-
1543 464 1757 512 12-

641 660 767 727 hoe
808 675 876 729 et
915 658 1148 728 misero
1188 671 1363 728 statu
1399 674 1879 729 commutarunt
1903 706 1929 743 ,
1972 676 2095 746 ut,
2140 681 2307 750 quae
2325 664 2523 737 hodie
2583 658 2590 664 ’

641 777 926 847 conditio
977 790 1197 845 nostra
1268 792 1407 861 est,
1471 796 1592 864 pro
1650 777 1920 846 veritate
1972 776 2163 849 falsas
2215 780 2519 869 imagInea

639 897 1164 978 amplecterentur
1198 911 1669 978 coecorumque
1709 893 1906 962 instar
1945 894 2336 976 oberrarent.
2381 898 2518 968 Ve-

640 1031 784 1079 rum
801 1058 825 1094 ‚
891 1010 1183 1095 quamvis
1248 1010 1525 1079 exclusis
1574 1011 1861 1078 Deorum
1908 1012 2114 1079 choro
2132 1060 2161 1099 ‚
2225 1029 2523 1103 superest

640 1144 851 1197 tamen
910 1127 1099 1195 nobis
1138 1145 1358 1195 eorum
1391 1173 1421 1210 ,
1460 1145 1626 1212 quae
1662 1142 1800 1195 tum
1841 1127 2297 1216 adspeximus,
2335 1130 2525 1202 remi·

640 1246 947 1314 niscentia
990 1243 1341 1330 quaedam,
1403 1244 1569 1313 levIs
1611 1243 1714 1311 illa
1754 1243 2009 1329 quidem
2052 1258 2119 1313 et
2172 1245 2529 1334 perobscu-

641 1384 762 1445 ra,
802 1360 1436 1431 sed-reminiscentia
1492 1375 1746 1429 tamen:
1792 1379 1918 1446 qaa
1969 1360 2096 1445 fit,
2138 1376 2216 1432 ut
2251 1361 2525 1436 facultas

640 1478 887 1548 homini
942 1479 1030 1548 sit
1072 1497 1221 1546 cum
1261 1478 1401 1548 veri
1452 1477 1804 1546 inveniendi
1824 1525 1852 1562 ,
1896 1493 2032 1545 tum
2090 1480 2531 1567 percipiam

644 1597 862 1666 denuo
878 1645 907 1681 ‚
950 1613 1141 1684 quam
1196 1609 1333 1664 tum
1386 1596 1675 1682 percepit
1693 1643 1719 1676 .‚
1763 1594 2128 1665 felicitatis=
2174 1598 2365 1667 modo
2426 1598 2528 1667 in—

644 1717 949 1784 stituatur
988 1715 1109 1783 rite
1128 1762 1152 1797 ‚
1199 1714 1379 1800 quod
1433 1712 1880 1799 philosophiae
1916 1732 2150 1782 munus
2180 1730 2312 1785 est.
2395 1715 2526 1787 Sed

645 1835 890 1919 hymno
934 1833 1257 1900 recitando
1297 1832 1593 1900 Socrates
1631 1850 1906 1899 morem
1945 1831 2366 1901 celebraverat
2403 1829 2532 1903 im·

649 1950 902 2037 primis.
989 1947 1065 2016 In
1124 1950 1241 2016 hac
1278 1947 1586 2033 pristinae
1634 1947 1807 2041 vitae
1854 1947 2337 2033 recordatione,
2377 1947 2531 2038 pul·

649 2086 833 2138 crum
897 2066 1160 2137 maxime
1182 2112 1210 2147 ‚
1271 2064 1523 2133 dicebat
1544 2111 1574 2149 ,
1656 2078 1930 2133 mentem
1992 2066 2170 2135 subit
2192 2114 2220 2153 ,
2283 2065 2533 2156 quippe

654 2185 837 2270 quod
908 2182 1192 2271 fulgebat
1275 2181 1405 2251 illic
1466 2181 2019 2268 splendidissime:
2096 2183 2246 2251 hinc
2305 2202 2483 2253 amor
2499 2203 2527 2254 a

657 2303 809 2372 hinc
867 2298 1051 2368 furor
1105 2300 1337 2368 amoris
1360 2347 1386 2383 ‚
1451 2300 1562 2367 cui
1611 2300 1851 2385 optima
1911 2299 2213 2369 debemus
2259 2317 2481 2369 eorum
2503 2346 2533 2384 ,

661 2439 824 2505 quae
860 2435 1154 2504 praesens
1196 2417 1488 2486 continet
1538 2415 1676 2484 vita
1735 2431 1977 2485 noan-a.
2066 2417 2333 2487 Caetera
2371 2417 2537 2505 quid

658 2556 1001 2622 persequar
1019 2537 1055 2605 *δ
1095 2535 1264 2602 Nam
1307 2549 1540 2620 sponte
1598 2534 1924 2616 meminit,
1969 2535 2088 2620 qui
2124 2535 2278 2603 haec
2336 2538 2535 2605 semel

658 2655 988 2741 percepit,
1035 2667 1101 2721 et
1141 2671 1263 2721 nos
1308 2670 1383 2721 ea
1436 2652 1506 2719 in
1546 2651 1985 2736 superioribus
2040 2671 2185 2720 cum
2228 2652 2543 2723 illustrare

657 2772 1026 2860 singulatim
1046 2820 1075 2856 ‚
1147 2786 1285 2839 tum
1363 2769 1442 2838 ad
1498 2768 1701 2856 ipsam
1753 2769 2185 2837 illustrandam
2250 2770 2543 2855 philoso-

661 2891 880 2978 phiam
949 2888 1156 2976 pulcri
1216 2888 1519 2956 adhibere
1592 2886 1980 2955 studuimus.
2045 2883 2111 2929 <¹²
2171 2885 2344 2955 Illud
2409 2887 2541 2959 hoc

659 3013 811 3078 loco
876 3006 1344 3074 memorandum
1397 3004 1709 3071 unice=est
1726 3051 1751 3086 ‚
1793 3006 1934 3072 veri
1970 3020 2106 3070 non
2146 3002 2357 3070 minus
2396 3004 2545 3074 Pla·

662 3140 884 3193 tonem
905 3169 932 3204 ‚
1002 3140 1192 3206 quam
1252 3119 1461 3206 pulcri
1525 3119 1996 3204 philosophiam
2078 3104 2340 3189 sub'limi
2409 3121 2541 3189 hoc

661 3246 828 3329 μύθῳ
870 3238 1293 3326 expressisse.
1374 3237 1547 3305 Nam
1583 3255 1701 3323 per
1754 3256 2028 3308 amorem
2066 3237 2544 3325 philosophiam

664 3358 827 3428 dixit
875 3358 955 3423 ad
1013 3356 1310 3444 pulcrum
1363 3373 1487 3423 nos
1540 3353 1852 3424 continuo
1874 3403 1901 3440 ,
1958 3371 2374 3425 veruntamen
2415 3429 2425 3452 .
2459 3359 2548 3426 ad

663 3489 1044 3546 caeterarum
1100 3472 1294 3542 simul
1337 3472 1614 3542 idearum
1674 3471 2014 3558 ipsiusque
2043 3472 2330 3543 veritatis
2362 3491 2552 3560 spec·

662 3593 946 3664 taculum
996 3591 1315 3659 reducere.
1359 3587 1427 3633 ‘⁸³
1466 3625 1557 3643 —-
1596 3588 1764 3659 Sunt
1804 3590 1958 3657 haec
2013 3589 2392 3676 pulcerrima
2442 3608 2553 3660 sa·

668 3733 797 3796 ne,
862 3723 928 3779 et
978 3708 1174 3778 hebes
1213 3707 1299 3780 sit
1351 3725 1613 3780 necesse
1663 3719 1811 3789 est,
1857 3705 1974 3795 qui
2014 3725 2238 3778 eorum
2271 3705 2402 3777 vim
2463 3708 2549 3775 ad

2405 3841 2552 3913 80¹⁸·

746 3966 832 4040 (ι)
874 3963 1001 4021 vol.
1044 3961 1094 4017 1.
1127 3980 1187 4032 p.
1221 3964 1292 4035 87
1327 3977 1453 4034 un·
1526 3960 1613 4033 (a)
1651 3959 1885 4017 phaedr.
1917 3962 2041 4033 267·
2078 3958 2159 4018 D·
