2900 4817
1408 450 1809 500 *wo-

675 606 1009 691 principiis
1067 607 1321 690 debent.
1411 608 1576 674 Nam
1643 625 1714 700 ut
1782 608 2173 695 dialogorum
2203 611 2551 694 25ere2jtq

584 719 592 728 ’
682 725 1061 808 scriptorum
1140 725 1463 806 Platonis,
1530 727 1833 811 analytica
1899 727 2059 800 ratio
2126 743 2247 800 est.
2361 727 2557 798 Refee

682 856 834 908 runt
874 841 1141 908 nativam
1183 842 1344 922 illam
1372 890 1395 919 ‚
1437 846 1623 928 cujus
1678 845 2055 910 mentionem
2086 846 2210 929 jam
2243 844 2552 930 fecimus,

590 955 595 960 ’
684 957 1111 1038 dialecticam,
1158 962 1283 1040 qua
1345 959 1534 1038 homo
1581 960 1645 1026 in
1689 959 1910 1034 mediis
1967 960 2158 1027 rebus
2216 979 2549 1044 versatus,

686 1093 849 1157 quae
908 1075 1123 1155 videt,
1190 1093 1351 1157 qnae
1411 1077 1633 1156 audit,
1725 1097 1885 1159 quae
1936 1053 2230 1154 sensibus
2292 1079 2549 1148 omnino

682 1189 1000 1277 percipit,
1044 1192 1297 1262 sibimet
1333 1194 1472 1277 ipse
1508 1196 1817 1266 cernendo
1866 1195 2318 1279 iungendoque
2357 1195 2559 1279 explie

683 1325 811 1379 cat.
896 1311 1102 1397 Quam
1152 1309 1434 1378 referunt
1482 1312 1713 1396 pariter
1767 1311 2067 1378 rationem
2132 1332 2292 1392 cum,
2320 1314 2552 1379 drama·

684 1442 751 1496 ta
798 1429 1184 1513 tragicorum
1240 1447 1305 1500 et
1344 1431 1780 1510 comicorum,
1843 1446 2000 1497 tum·
2044 1429 2364 1513 epicorum
2420 1449 2552 1504 car-,-

688 1547 901 1630 mina‚
946 1547 1075 1616 imo
1126 1568 1280 1615 vero
1336 1548 1650 1618 Herodoti
1702 1548 2244 1631 scriptorumque·
2264 1547 2409 1628 libri
2446 1564 2553 1622 eo·

685 1679 825 1742 rum
848 1713 873 1747 ‚
957 1666 1067 1749 qui
1122 1668 1464 1732 naturalem
1539 1666 1891 1748 exponendi
1973 1665 2269 1731 rationem
2353 1662 2556 1732 secuti

683 1796 841 1847 sunt
911 1783 1196 1864 maxime.
1252 1853 1263 1864 ,
1328 1783 1726 1867 Analyticatn
1793 1785 1949 1848 hanc
2013 1782 2324 1863 scribendi
2359 1756 2560 1851 'ratio-

684 1916 826 1964 nem
884 1916 1018 1963 non
1071 1901 1151 1964 de
1211 1899 1520 1976 industria
1561 1900 1866 1982 explicuit
1905 1884 2125 1981 Plato;
2173 1900 2284 1966 sed
2339 1912 2436 1966 est
2487 1918 2560 1966 ea

683 2013 1041 2082 dialecticae
1100 2015 1302 2102 ipsius
1355 2033 1813 2099 consentanea,
1858 2037 1920 2085 et
1984 2037 2138 2090 vero.
2165 2065 2189 2100 ,
2231 2005 2294 2096 si
2310 2047 2358 2102 ,χ
2383 2019 2554 2102 quod

683 2132 1090 2219 philosophis
1168 2135 1358 2198 modo
1413 2135 1773 2217 suasimu3‚
1837 2134 2210 2219 investigare
2257 2135 2338 2200 -in
2416 2136 2554 2219 ejus

681 2249 944 2333 scriptis
1004 2249 1508 2349 'philosophandi
1555 2252 1732 2333 quasi
1787 2254 1939 2320 locos
2001 2253 2317 2334 velimus-3
2379 2270 2557 2335 repe·
2647 2327 2654 2338 ,

680 2368 912 2440 tiernus
954 2368 1139 2458 facile
1196 2370 1536 2440 sententias
1590 2371 1934 2452 quasdam,
1980 2388 2016 2434 e
2059 2369 2294 2451 quibus
2338 2382 2403 2436 et
2449 2388 2559 2438 na·

679 2488 945 2576 turalem
1005 2486 1169 2554 illam
1237 2506 1419 2568 quam
1469 2486 1737 2558 diximus
1764 2532 1787 2565 ‚
1848 2486 2219 2552 dialecticam
2272 2501 2335 2551 et
2391 2487 2553 2555 hanc

678 2600 1043 2687 analyticam
1091 2604 1403 2670 scribendi
1453 2603 1753 2670 rationem
1781 2650 1803 2683 ‚
1873 2602 2070 2684 qualis
2127 2601 2211 2667 sit
2236 2648 2260 2683 ‚
2317 2601 2563 2682 efficia‚

678 2740 849 2790 mus.
945 2721 1041 2788 Ut
1103 2736 1295 2790 artem
1354 2721 1665 2788 scribendi
1735 2737 2210 2801 assequeremur
2267 2718 2550 2788 Platoni·

614 2837 621 2843 “
674 2857 814 2916 cam
872 2839 1325 2921 exquirendum
1388 2839 1493 2908 hic
1553 2839 1741 2904 nobis
1811 2837 2264 2922 proposuimus
2292 2883 2316 2918 ‚
2400 2836 2555 2921 quid

676 2960 960 3044 cogitare
999 2957 1079 3024 sit
1101 3005 1125 3036 ‚
1170 2957 1326 3038 quid
1377 2955 1588 3021 dicere.
1608 3003 1633 3035 ‚
1678 2955 1832 3037 qnid
1873 2958 2195 3020 scribere:
2246 2936 2406 3037 quae
2443 2972 2564 3024 nol-

679 3093 761 3141 va
814 3071 985 3140 forte
1041 3073 1462 3156 quibusdam,
1524 3088 1694 3138 certe
1759 3091 1794 3135 a
1859 3070 2102 3155 vulgari
2148 3072 2556 3139 consuetudi-

674 3210 764 3261 ne
801 3192 1145 3274 abhorrens
1188 3188 1572 3271 disquirendi
1624 3187 1784 3258 ratio
1842 3186 2170 3254 videatur:
2216 3201 2315 3254 est
2352 3205 2556 3284 autem

674 3311 977 3394 antiqua,
1023 3286 1260 3393 quippe
1318 3320 1616 3387 usurpata
1675 3324 1710 3371 a
1768 3306 2078 3384 Platone,
2143 3321 2245 3386 et,
2310 3306 2368 3372 si
2431 3325 2555 3388 qua

676 3429 795 3495 ulia
819 3475 842 3508 ‚
906 3442 1160 3495 natutae
1209 3441 1615 3509 congruens;
1681 3423 1978 3492 abhorret
2034 3441 2192 3498 vero
2250 3436 2424 3504 tota,
2484 3435 2559 3494 ut

664 3559 900 3609 omnes
958 3542 1130 3627 apud
1205 3515 1524 3608 Platonem
1603 3529 1704 3606 de'
1743 3536 2060 3603 dialectica
2116 3550 2179 3602 et
2252 3536 2563 3606 rhetorica

670 3658 1140 3742 disputationes
1164 3705 1190 3739 ‚
1255 3679 1290 3726 a
1356 3656 1878 3732 scholasticorum
1937 3655 2261 3722 hominum
2306 3670 2372 3722 et
2425 3669 2566 3742 stu-

674 3775 799 3844 diis
834 3790 900 3841 et
938 3777 1424 3842 consuetudine.
1517 3775 1641 3841 Sed
1701 3793 1860 3858 age,
1905 3773 2017 3838 has
2079 3753 2276 3856 igitur
2336 3789 2561 3855 quaes-

670 3895 926 3977 tiones,
971 3892 1396 3987 interpretem,
1439 3893 1640 3984 secuti
1682 3877 2003 3968 Platonem
2069 3906 2405 3974 nostrum,
2447 3909 2570 3980 ex«

666 4012 902 4106 plicare
951 4027 1276 4077 conemur.

2484 4127 2560 4194 In
