2900 4817
1040 477 1155 498 ····’
1184 454 1297 522 181
1345 479 1474 512 -r

317 635 599 714 matonis
625 634 952 723 dIscipuiis
972 681 1022 720 ‚‚
1041 635 1155 721 qui
1189 650 1255 705 et
1289 635 1584 722 proxime
1600 635 1702 706 ‘ab
1743 638 1990 725 integro
2035 642 2194 711 doe-

318 757 519 826 trinae
565 755 751 825 fonte
798 754 1053 823 aberant
1127 768 1193 822 et
1255 755 1429 823 hunc
1484 754 1840 824 referebant
1898 758 2191 829 maxime.

313 873 429 942 Sic
484 887 693 941 autem
742 891 888 942 cum
951 872 1480 959 philosophantes
1543 872 1637 940 ini
1654 918 1683 956 ‚
1745 892 1825 942 ex
1873 874 2022 960 ipso
2073 878 2194 943 ho-

310 987 500 1058 minis
534 988 745 1056 animo
768 988 1174 1074 potissimum
1212 1004 1570 1075 repeterent
1606 991 1817 1059 omnia
1838 1038 1863 1074 ,
1905 1011 1982 1060 ac
2002 1040 2027 1076 ,
2069 1012 2204 1062 se··

306 1105 587 1174 cundum
612 1104 905 1173 idearum
944 1103 1290 1173 doctrinam
1313 1153 1339 1189 ‚
1381 1107 1572 1176 unice
1611 1110 2022 1194 spectandum
2065 1112 2187 1178 ho-

307 1220 464 1288 mini
523 1222 1019 1304 contenderent,
1065 1224 1221 1307 quid
1284 1223 1584 1309 pulcrum
1604 1272 1630 1307 ‚
1674 1225 1833 1310 quid
1890 1228 2129 1295 bonum
2152 1275 2181 1311 ‚

309 1337 471 1423 quid
521 1339 768 1425 justum
803 1383 832 1421 ‚
912 1337 1306 1424 omninoque
1342 1388 1372 1426 ,
1460 1340 1614 1424 quid
1673 1361 1897 1410 verum
1961 1359 2134 1413 esset
2156 1391 2192 1428 ⁷

304 1454 561 1528 fructus
594 1473 850 1525 ,eorum
900 1456 1305 1542 philosophia
1328 1504 1354 1540 ‚
1397 1473 1474 1524 ut
1512 1472 1659 1525 ante
1690 1459 2009 1536 Platonica
2032 1508 2058 1543 ,
2100 1462 2182 1528 ad

307 1571 541 1642 artium
578 1573 1024 1658 literarumque
1045 1619 1071 1658 ‚
1113 1574 1193 1642 ad
1225 1573 1433 1660 ipsius
1473 1576 1631 1643 adeo
1666 1576 2010 1660 sapientiae
2044 1592 2190 1646 stu·
2249 1581 2257 1592 ‘

308 1691 483 1762 dium
542 1691 1019 1778 provehendum
1042 1736 1071 1773 ,
1152 1690 1509 1759 uberrimos
1568 1692 1740 1760 tulit.
1869 1693 2187 1781 Quocirca

304 1823 534 1895 captus
592 1808 829 1877 Cicero
882 1807 998 1876 hac
1037 1806 1273 1876 veteris
1330 1807 1707 1877 Academiae
1767 1829 1839 1877 ac
1898 1812 2186 1880 Platonis

307 1925 413 1994 sui
467 1925 850 2012 praestantia
870 1971 897 2009 ,
938 1924 1237 1992 Pisonem
1298 1926 1546 1993 inducit
1609 1945 1989 2012 generosum
2034 1928 2197 1996 ado-·

304 2043 643 2111 lescentem
721 2044 814 2110 sic
883 2041 1321 2110 adhortantem
1362 2063 1385 2111 ε
1472 2041 1591 2110 Ad
1660 2060 1896 2113 veteres
1972 2047 2184 2131 igitur

305 2156 707 2227 Academicos
768 2171 834 2225 et
890 2157 1346 2245 Peripateticos
1403 2175 1691 2227 converte
1752 2175 1817 2228 te
1837 2205 1865 2242 ,
1929 2161 2179 2249 quaesta.

305 2273 429 2343 Ex
472 2294 685 2343 eorum
739 2277 903 2341 enim
960 2276 1213 2362 scriptis
1278 2291 1342 2340 et
1407 2279 1754 2343 institutis·
1788 2297 1929 2343 cum
1957 2347 1972 2356 ἦ
1990 2282 2183 2345 omnis

304 2390 603 2461 doctrina
632 2390 918 2459 liberalis
936 2437 962 2473 ‚
1005 2393 1201 2458 omnix
1240 2393 1515 2460 historia
1534 2437 1560 2476 ‚
1603 2396 1797 2461 omnis
1831 2413 2040 2462 ser-mos
2063 2396 2189 2462 elo-

298 2526 468 2598 gans
520 2512 685 2578 sumi
716 2521 971 2598 potus,
1011 2522 1149 2576 tum
1199 2512 1486 2579 ‘varietas
1522 2526 1614 2580 cst
1653 2526 1846 2580 tanta
1884 2514 2134 2581 artium
2147 2560 2181 2598 ‚

280 2646 383 2698 -ut
424 2648 601 2695 nemo
652 2631 784 2695 st’ne
836 2648 903 2693 oo
973 2630 1391 2695 Instrumenta
1438 2627 1534 2695 ad
1580 2630 1778 2700 ullam
1843 2650 1980 2696 rem
2026 2631 2181 2699 mu-

302 2744 597 2812 striatam
653 2743 809 2809 satis
849 2756 1114 2825 ornatus
1144 2745 1337 2828 possit
1390 2743 1684 2809 accedere
1722 2743 1841 2812 (ι).
1931 2745 2002 2812 Si
2043 2766 2179 2829 quo

299 2860 433 2929 alio
495 2877 575 2927 ex
623 2859 772 2926 loco
820 2872 1106 2925 veterum
1133 2904 1159 2940 ‚
1222 2877 1301 2926 ex
1362 2859 1465 2925 his
1513 2859 1923 2944 potissimum
1991 2861 2184 2930 Cice·
2250 2883 2257 2895 ·

304 2975 480 3045 ronis
538 2973 867 3043 sententiis
887 3020 916 3058 ‚
983 2994 1145 3058 quae
1199 2976 1459 3059 propria
1500 2976 1788 3044 Platonis
1848 2977 2044 3045 fuerit
2100 2977 2184 3047 de

304 3092 612 3180 opinione
654 3107 722 3161 et
770 3091 1039 3160 scientia
1076 3091 1574 3176 philosophandi
1613 3093 1815 3174 ratio,
1861 3112 2182 3178 quamque

305 3210 443 3279 vim
480 3210 589 3278 illa
622 3224 688 3278 et
724 3209 1146 3289 efficacitatem
1200 3211 1283 3277 ad
1334 3210 1571 3295 optima
1606 3211 1935 3278 hominum
1975 3212 2184 3280 studia

252 3317 267 3333 ‘
301 3328 522 3396 alenda
570 3326 856 3395 habuerit
876 3373 903 3410 ‚
968 3325 1316 3412 intelligere
1361 3327 1539 3395 licet.
1626 3327 1718 3395 Et
1770 3326 1863 3393 sic
1921 3326 2179 3409 quidem

301 3463 426 3515 nos
465 3445 713 3513 tandem
734 3490 761 3527 ‚
803 3443 1180 3529 comparatis
1227 3463 1372 3514 cum
1413 3444 1694 3511 Platonis
1730 3442 2022 3512 doctrina
2066 3461 2177 3510 so·
2269 3511 2274 3518 ,

299 3563 654 3651 phistarum
706 3560 1191 3647 priscorumque
1266 3558 1802 3647 philosophorum
1879 3559 2128 3645 placitis
2149 3608 2180 3644 ,

299 3680 575 3767 ipsoque
610 3679 875 3747 Platone
911 3698 950 3747 a
989 3676 1182 3747 variis
1215 3691 1297 3746 ‘et
1336 3676 1763 3763 scepticomm
1802 3690 1871 3746 et
1926 3677 2184 3763 dogma-

296 3799 571 3867 ticorum
630 3794 971 3884 generibus
1052 3795 1355 3868 distincto
1380 3841 1410 3884 ,
1485 3796 1669 3865 talem
1726 3795 2185 3882 philosophum

2013 3926 2192 3979 sum·

360 4050 485 4124 {813
501 4048 647 4122 βία.
678 4048 747 4106 da
778 4047 905 4108 mn.
939 4046 1017 4107 V·
1038 4065 1103 4106 c.
1136 4050 1193 4108 5.
