2900 4817
1463 436 1802 500 -32...

686 599 904 667 Veluti
960 600 1218 681 aequale
1266 611 1445 676 esse,
1511 595 1758 677 inquit,
1811 593 2076 662 dicimus
2100 639 2125 673 ‚
2169 613 2311 661 esse
2366 595 2548 662 etiam

688 733 789 783 res
844 716 1130 798 aequales
1153 760 1177 795 ,
1243 726 1315 778 ut
1372 711 1611 796 lapides
1637 759 1663 793 ,
1706 711 1916 794 ligna,
1958 711 2104 778 alia:
2153 711 2300 779 haec
2352 713 2550 780 videri

687 832 874 898 nobis
917 831 1040 897 alio
1108 798 1392 913 tempore
1443 827 1763 911 aequalia,
1826 828 1951 894 alio
2010 827 2354 911 inaequalia
2393 849 2551 913 pos-

686 964 878 1014 suntt
922 966 1052 1014 11011
1096 948 1244 1012 item
1285 947 1587 1029 aequale:
1664 944 1872 1029 ipsum
1931 946 2191 1027 aequale
2237 963 2368 1011 non
2403 961 2548 1012 esse

689 1066 1011 1148 inaequale
1057 1077 1295 1148 potest.
1384 1060 1739 1129 Perfectum
1800 1061 1924 1126 hoc
1983 1075 2080 1127 est
2104 1107 2130 1143 ,
2175 1061 2297 1128 illis
2325 1108 2349 1143 ,
2411 1081 2546 1144 quo

684 1178 891 1248 minus
956 1175 1232 1263 perfecta
1289 1177 1416 1243 sint
1437 1223 1464 1258 ,
1526 1175 1765 1258 aliquid
1827 1176 2027 1244 deest.
2132 1176 2277 1241 Hoc
2336 1194 2547 1243 autem

688 1296 851 1363 idem
870 1342 895 1379 ,
957 1296 1165 1379 ipsum
1232 1295 1492 1376 aequale
1515 1339 1539 1374 ,
1606 1297 1754 1364 αὐτὸ
1796 1298 1865 1364 τὸ
1905 1296 2026 1365 ἴσον
2048 1345 2068 1372 ,
2128 1293 2293 1360 unde
2333 1311 2553 1379 perce-

688 1415 895 1499 pimus
920 1412 953 1479 ‘3
1018 1413 1123 1479 Ex
1186 1431 1389 1477 rerum
1450 1407 1738 1494 profecto
1789 1410 2138 1494 aequalium
2195 1411 2552 1479 considera-

689 1531 909 1614 tione,
954 1530 1091 1597 sive
1130 1528 1331 1595 oculis
1372 1528 1512 1596 illas
1552 1528 1692 1596 sive
1748 1528 1873 1598 alio
1909 1547 2312 1611 quocumque
2350 1547 2548 1596 sensu

689 1647 1201 1736 perceperimus3
1283 1648 1502 1715 deesse
1572 1645 1652 1712 iis
1721 1645 1955 1729 aliquid
2023 1645 2361 1713 sentientes
2380 1692 2406 1727 ,
2465 1646 2548 1711 ad

686 1769 897 1854 ipsum
942 1768 1100 1834 illud
1138 1764 1488 1850 perfectum
1545 1763 1888 1848 exegimus.
1977 1764 2420 1830 Verumtamen
2453 1763 2551 1830 fa·

684 1905 827 1955 cere
862 1886 986 1952 hoc
1025 1902 1155 1951 non
1192 1884 1517 1967 potuimus
1538 1928 1562 1963 ,
1604 1881 1727 1948 nisi
1782 1895 1961 1946 antea
2017 1878 2556 1966 cognovissemus·

686 2003 883 2087 illud,
982 2020 1149 2069 nunc
1222 2016 1426 2067 autem
1490 2017 1769 2066 essemus
1849 1998 2126 2082 ejusdem
2215 2000 2546 2067 recordati.

688 2120 864 2209 Quid
917 2119 1158 2204 igitur?
1238 2116 1487 2183 Scilicet
1545 2116 1869 2199 superiore
1926 2116 2183 2196 quadam
2228 2116 2358 2183 vita
2415 2117 2547 2183 ani·

690 2255 798 2303 mo
838 2235 903 2300 id
939 2232 1402 2318 perceperimus
1446 2249 1704 2298 necesse
1752 2245 1850 2298 est
1871 2277 1896 2311 ,
1935 2250 2069 2297 ’nec
2111 2234 2368 2315 aequale
2410 2246 2548 2297 tan-

689 2367 872 2435 tum,
918 2352 1096 2434 quod
1152 2369 1318 2416 nunc
1385 2349 1569 2416 unice
1623 2350 1934 2432 diximus,
1979 2350 2090 2416 sed
2131 2343 2339 2433 ipsum
2383 2349 2546 2433 pariss

687 2484 785 2538 ter
824 2483 887 2535 et
937 2470 1225 2551 pulcrum
1277 2480 1341 2533 et
1399 2468 1636 2532 bonum
1701 2481 1765 2532 et
1811 2468 2053 2551 J'ustum
2109 2481 2175 2533 et
2214 2483 2494 2534 sanctum
2518 2516 2547 2551 ‚

691 2603 878 2651 omne
938 2585 1094 2651 illud
1141 2584 1426 2662 ‚omnino
1450 2630 1475 2665 ,
1541 2586 1713 2665 quod
1773 2583 2121 2667 perfectum
2200 2605 2548 2669 verumque

688 2717 834 2786 est,
876 2701 1113 2787 cuique
1145 2702 1394 2786 signum
1431 2703 1605 2786 ejus,
1651 2702 1826 2784 quod
1864 2717 1979 2783 est,
2025 2703 2204 2785 quasi
2247 2702 2550 2787 imprimi-

687 2842 878 2906 mus;
947 2822 1169 2887 horum
1227 2839 1347 2886 nos
1406 2819 1725 2886 scientiam
1795 2820 2156 2903 amisimus,
2226 2841 2422 2905 quum
2479 2825 2551 2890 in

581 2987 593 2998 .
685 2940 845 3004 hanc
898 2938 1375 3022 procederemus
1441 2936 1671 3002 vitam:
1731 2954 1872 3001 nam
1919 2936 1975 3002 si
2020 2921 2493 3005 retinuissemus
2519 2973 2552 3021 ,-

687 3055 988 3121 sciremus
1043 3073 1210 3120 nunc
1233 3100 1258 3134 ,
1317 3072 1449 3119 non
1506 3053 1936 3136 opinaremur,
1979 3073 2108 3121 11011
2153 3054 2549 3139 falleremur,

689 3191 847 3256 quae
893 3190 1060 3237 nunc
1101 3169 1379 3235 conditio
1416 3183 1635 3234 nostra
1674 3183 1796 3236 est.
1886 3171 2310 3257 Quamobrem
2347 3174 2548 3240 danda

688 3291 875 3356 nobis
939 3306 1129 3372 opera
1166 3302 1311 3366 est,
1374 3300 1489 3368 111,
1535 3305 1667 3369 quo
1712 3288 2059 3373 cogitemus
2085 3335 2109 3370 ,
2147 3288 2549 3375 judicemus,

687 3406 1125 3475 ratiocinemur
1181 3402 1404 3471 melius
1426 3451 1451 3485 ,
1517 3403 1793 3488 perfecta
1860 3406 1963 3472 illa
2023 3421 2087 3472 et
2133 3426 2322 3491 vem,
2385 3428 2552 3493 quae

687 3524 895 3591 dicere
935 3529 1018 3596 τὰ
1059 3525 1204 3594 ὄντα
1245 3522 1430 3602 licet,
1497 3522 1738 3606 quippe
1793 3541 1956 3604 quae
2006 3538 2205 3606 511111,
2266 3544 2398 3592 11011
2453 3526 2552 3593 vi-

688 3643 960 3721 dentur,
1005 3639 1154 3705 haec
1214 3639 1446 3723 igitur,
1506 3639 1714 3722 quoad
1778 3641 1915 3724 ejus
1971 3639 2105 3706 fieri
2131 3657 2399 3726 potest,
2443 3663 2548 3712 re-

689 3770 1158 3842 praesentemus
1200 3756 1439 3824 animo:
1488 3756 1551 3822 id
1588 3756 1753 3824 enim
1791 3758 2033 3826 discere
2086 3775 2220 3826 est:
2265 3780 2407 3829 nam
2452 3764 2550 3831 sic

690 3871 836 3941 licet
898 3875 1078 3940 unice
1133 3873 1211 3938 ad
1270 3892 1475 3940 rerum
1533 3874 1851 3941 scientiam
1886 3878 2248 3959 pervenire:
2297 3879 2494 3946 verbo
2513 3923 2546 3961 ,

690 3989 1019 4081 mordas}
1088 4005 1340 4073 oportet
1400 3990 1756 4060 hominem:
1821 4011 1966 4060 nam
2026 3994 2118 4061 sic
2165 3996 2414 4064 demum
2482 4011 2556 4065 et·

2422 4112 2553 4181 dis-
