2900 4817
1428 510 1950 574 ·--216-·

782 685 1053 771 phlmm
1111 671 1555 774 investigaret,
1600 689 2050 775 philosophum
2102 659 2518 773 deprehendit
2537 690 2648 754 (ι).

784 804 949 874 Nam
1024 804 1170 876 duci
1238 823 1311 873 se
1371 804 1722 889 patiebatur
1782 820 2003 871 auctor
2025 852 2051 886 ,
2096 824 2511 890 quocumque
2566 805 2653 891 ip·

782 938 961 1000 sum,
1004 936 1076 990 ut
1134 922 1220 989 tit
1243 920 1374 1003 (α),
1417 922 1645 988 mentis
1704 922 2281 1006 dIsputationisque
2334 924 2650 1008 impetus,

781 1049 1093 1119 tamquam
1136 1053 1414 1119 ventus,
1457 1038 1676 1105 ferret.
1805 1039 2202 1126 Quamquam
2251 1055 2650 1119 constanter,

782 1172 901 1241 pro
959 1155 1098 1220 talis
1156 1153 1391 1239 ingenii
1449 1156 1686 1239 impetu
1708 1203 1734 1236 ‚
1800 1174 1878 1223 eo
1933 1158 2263 1240 tendebat,
2336 1158 2520 1237 quod
2561 1159 2653 1222 vel

779 1290 998 1340 verum
1037 1273 1139 1340 vel
1179 1292 1323 1339 cum
1369 1292 1521 1341 vero
1565 1276 1974 1360 conjunctum
2010 1287 2167 1340 erat.
2251 1273 2486 1357 Itaque
2517 1269 2654 1354 hic,

782 1389 849 1455 in
894 1390 1125 1458 summi
1175 1390 1329 1457 boni
1381 1391 1864 1473 disquisitione,
1909 1391 2163 1471 evenit,
2210 1403 2281 1456 ut
2326 1391 2394 1456 in
2443 1392 2657 1474 hujus—

781 1510 956 1577 modi
998 1510 1514 1591 conclusionem,
1543 1526 1722 1593 ·quae
1762 1526 1892 1573 non
1928 1508 2225 1573 abhorret
2279 1507 2540 1590 quidem
2578 1505 2666 1572 ab*

779 1626 919 1712 ejus
977 1624 1349 1711 principib,
1407 1643 1525 1692 nec
1586 1640 1792 1691 tamen
1859 1623 2142 1692 continet
2199 1624 2471 1708 haecce,
2536 1624 2649 1690 sub

748 1737 967 1809 'finem
1039 1741 1266 1829 dialogi
1327 1742 1651 1809 incideret.
1808 1741 2338 1808 Exercitationem
2399 1743 2651 1808 omnino
2715 1779 2720 1782 Α

779 1859 1157 1926 dialecticam
1204 1859 1504 1927 Philebus
1557 1858 1885 1940 continet,
1927 1877 2061 1925 non
2108 1858 2349 1927 ethicae
2386 1859 2657 1926 Platoni-

778 1995 887 2043 cae
942 1977 1082 2048 sive
1124 1974 1525 2044 fundamenta
1585 1975 1729 2044 sive
1782 1976 2153 2043 doctrinam.
2242 1977 2331 2042 Et
2379 1977 2477 2042 sic
2525 1976 2656 2057 qui·

678 2183 687 2192 ⁸
788 2092 1122 2161 decuplato
1145 2139 1170 2173 ,
1210 2092 1386 2178 quod
1428 2092 1631 2177 ipsius
1669 2091 2117 2178 philosophiae
2152 2093 2484 2178 proprium
2527 2108 2651 2174 est,

790 2210 856 2287 in
914 2210 1261 2278 scribendis
1324 2225 1449 2276 tam
1502 2210 1951 2295 metaphysicis
2010 2210 2229 2295 hisce,
2294 2231 2483 2295 quarn
2542 2212 2656 2278 dia·

786 2319 1030 2394 lecticis
1071 2327 1336 2420 dialogis
1362 2373 1385 2408 ,
1449 2328 1833 2412 procedere,
1891 2328 2445 2413 appropinquare,
2492 2347 2653 2397 acce·

790 2446 939 2511 dere
980 2444 1060 2510 ad
1123 2462 1340 2511 verum
1407 2444 1696 2526 studuit,
1763 2454 2121 2511 assecutum
2181 2463 2255 2512 se
2311 2446 2467 2514 illud
2527 2467 2657 2516 esse

792 2559 860 2625 in
918 2559 1259 2627 subtilibus
1323 2560 1694 2646 hujusmodi
1757 2561 2293 2646 disputationibus
2353 2583 2653 2649 nusquam

788 2674 1122 2761 professus
1164 2689 1290 2743 est.
1376 2677 1634 2743 Iterum.
1660 2678 1741 2744 de
1781 2677 1935 2743 boni
1976 2679 2114 2746 idea
2137 2726 2161 2761 ,
2205 2682 2317 2748 sod
2360 2683 2481 2752 alia
2529 2683 2658 2748 lon-

792 2811 1001 2879 geque
1051 2793 1300 2861 diversa
1349 2795 1593 2869 ratione
1650 2795 2004 2877 quaesivit,
2052 2815 2248 2878 quum
2289 2798 2551 2865 educere
2587 2798 2657 2864 ad

791 2912 925 2979 veri
985 2910 1302 2977 scientiam
1361 2909 1616 2978 futuros
1675 2911 1768 2978 -rei
1824 2912 2115 2995 publicae
2167 2927 2444 2981 rectores
2489 2913 2660 2981 insti·

793 3043 998 3097 tueret
1019 3031 1135 3095 (3).
1226 3027 1398 3095 Tum
1440 3046 1594 3095 vero
1644 3030 1899 3110 negavit
1943 3031 2151 3110 adeo,
2194 3030 2403 3113 ipsum
2446 3050 2516 3097 se
2553 3029 2661 3095 bo-

792 3165 945 3218 num
994 3145 1365 3212 traditurum
1415 3163 1598 3226 esse,
1664 3156 2001 3210 contentos
2053 3163 2174 3212 nos
2228 3164 2370 3213 esse
2428 3146 2655 3233 jussit,

794 3264 852 3330 si
891 3267 1092 3343 τόκον,
1140 3261 1194 3327 si
1257 3265 1498 3346 prolem
1556 3261 1710 3327 boni
1765 3279 2319 3345 consequeremur.
2408 3265 2482 3330 In
2530 3262 2657 3330 tali·

791 3381 918 3448 bus
978 3381 1116 3454 sive
1157 3378 1721 3463 disceptationibus
1762 3382 1901 3447 sive
1935 3379 2491 3448 exercitationibus
2540 3380 2660 3445 dis·

789 3497 1029 3563 lecticis
1098 3497 1373 3566 diversas
1432 3495 1764 3564 identidem
1840 3495 2265 3582 philosophus
2332 3495 2654 3580 quaerendi

790 3613 927 3680 vias
973 3611 1298 3699 ingressus
1335 3626 1472 3694 est,
1516 3611 1646 3694 quo
1691 3613 1957 3699 propius
1998 3614 2336 3696 aliquando
2380 3615 2460 3683 ad
2499 3614 2658 3680 idea·

794 3748 933 3809 rum
978 3741 1296 3811 naturam,
1340 3730 1420 3796 ad
1466 3729 1602 3814 ipsa
1645 3734 1732 3810 τὰ
1770 3733 1914 3810 ὄντα
1956 3731 2341 3816 perveniret.
2473 3729 2654 3819 Quod

2543 3863 2656 3913 no·

864 3991 947 4063 (ι)
986 3988 1211 4045 vom.
1247 3990 1310 4045 ι’.
1333 4009 1385 4044 2.
1406 4009 1464 4058 p.
1489 3993 1591 4046 us
1618 3999 1676 4048 οι
1702 3993 1824 4066 ³57.
1980 3993 2061 4068 (α)
2098 3993 2245 4078 nep.
2285 3991 2401 4049 111.
2424 3993 2546 4065 ⁵9⁴.
2573 3989 2646 4052 n·

864 4091 949 4171 (5)
985 4094 1070 4161 nn
1090 4093 1236 4164 nep.
1270 4089 1378 4148 vr.
1400 4091 1524 4163 ειη.
1545 4093 1618 4148 Α.
1975 4105 1994 4114 ·
