2900 4817
1499 552 1883 623 ..figo-

770 724 874 790 dio
899 771 922 804 ‚
966 743 1146 791 unam
1202 723 1583 789 attendentes
1640 720 1953 786 veritatem
1976 766 1999 799 ,
2057 719 2245 802 hinc,
2307 720 2360 786 si
2413 719 2611 785 libue-

771 840 898 918 rit,
952 839 1029 904 ad
1082 856 1247 903 recte
1303 835 1874 919 philosophandum
1931 806 2294 916 proficiant:
2372 836 2616 902 Verun-

766 970 969 1021 tamen
1016 956 1185 1039 quod
1221 953 1282 1018 in
1324 953 1464 1031 his,
1511 952 1668 1018 duce
1715 953 1967 1018 Platone
1990 954 2134 1032 ,de
2191 958 2616 1035 comer-sione,

761 1073 1317 1149 circumversione,
1394 1080 1747 1154 περιαγωγῇ
1817 1068 2090 1134 hominis
2160 1070 2245 1135 ad·
2301 1072 2617 1137 veritatem

766 1186 1095 1254 docuimus
1120 1232 1144 1268 ,
1187 1186 1279 1247 (ι)
1318 1198 1442 1251 tam
1501 1184 1763 1266 simplex
1823 1186 1973 1251 haec
2011 1186 2379 1269 philosophi
2419 1187 2620 1256 homi·

774 1303 968 1385 nique
1018 1302 1302 1376 salutaris
1343 1301 1686 1368 admonitio
1726 1317 1823 1367 est
1846 1350 1869 1383 ,
1914 1318 2033 1368 tam
2089 1305 2292 1372 eadem
2340 1325 2621 1395 per-om·

776 1438 917 1486 nem
974 1422 1110 1504 ejus
1177 1417 1640 1501 philosophiam
1666 1465 1690 1499 ‚
1764 1417 1900 1484 sive
1955 1420 2034 1483 acl
2094 1420 2429 1502 pulcrum,
2488 1421 2618 1487 sive

776 1537 1066 1604 universe
1099 1536 1178 1603 ad
1218 1555 1432 1602 verum
1477 1533 1787 1615 refertur,
1829 1535 2180 1603 dominatur
2212 1538 2436 1622 plane,
2473 1554 2619 1605 tam·

772 1673 898 1737 que
934 1653 1145 1720 efficax
1184 1653 1370 1718 simul
1423 1652 1503 1718 ad
1557 1671 1720 1740 vere·
1750 1631 2150 1748 e⁸xcolendum
2193 1656 2622 1723 erudiendum·

774 1790 898 1852 que
936 1769 1249 1836 hominem
1312 1784 1442 1849 est,
1492 1773 1578 1833 ut‘
1615 1785 1746 1833 non
1786 1769 2294 1836 committendum
2341 1772 2618 1840 videatur

771 1885 1002 1966 nobis,
1047 1885 1200 1967 quin
1257 1886 1357 1950 hle
1390 1885 1596 1949 denuo
1653 1886 1730 1950 ad
1790 1904 1922 1951 eam
1982 1899 2254 1953 attentos
2317 1887 2617 1955 faciamus

760 2005 1057 2098 lectores.
1442 1981 1449 1990 ’
1675 2087 1724 2101 .-

859 2109 1020 2189 Nam
1088 2117 1259 2185 omni
1318 2131 1515 2184 aetate
1583 2117 1948 2202 philosophi
2001 2123 2096 2185 vel
2152 2121 2239 2187 ita
2288 2119 2620 2205 conquesti

778 2241 856 2306 de
896 2229 1170 2303 hominis
1217 2232 1638 2299 imbecillitate
1693 2249 1841 2298 sunt
1867 2281 1889 2313 ,
1934 2236 2034 2300 vel
2069 2250 2192 2303 tam
2234 2241 2487 2307 arduam
2530 2258 2619 2306 es·

778 2372 851 2418 se
926 2370 1053 2416 rem
1114 2345 1584 2433 philosophiam
1661 2350 2156 2432 perhibuerunt,
2217 2367 2288 2417 ut
2343 2353 2619 2436 philoso-

756 2460 968 2553 phia,
1010 2466 1111 2531 his
1166 2463 1529 2528 auctoribus
1558 2508 1583 2541 ,
1625 2465 1836 2544 plures
1880 2463 2246 2529 absterreret
2304 2465 2620 2531 difficulta-

773 2598 837 2652 te
883 2585 998 2649 sua
1022 2626 1046 2659 ,
1091 2596 1274 2662 quam
1325 2580 1701 2662 praestantia
1749 2594 1938 2661 atque
1993 2578 2258 2645 utilitate
2327 2580 2613 2647 alliceret.

772 2698 1089 2782 Neutrum
1146 2694 1295 2759 fecit
1353 2695 1553 2759 Plat0.
1685 2695 1944 2760 Monuit
2012 2692 2419 2775 simpliciter,
2477 2695 2620 2761 illuc

770 2815 909 2882 fere
957 2827 1318 2877 conversam
1372 2808 1691 2874 hominum
1747 2825 2008 2873 mentem
2069 2826 2255 2887 esse,
2315 2829 2448 2892 quo
2497 2827 2620 2876 non

776 2943 1138 3014 oporteret:
1168 2926 1258 2991 sic
1279 2936 1482 2988 autem
1515 2923 1811 2989 accidisse
1838 2971 1859 3000 ,
1907 2939 1974 2988 ut
2008 2921 2262 2989 sibimet
2288 2925 2408 3008 ipsi
2434 2927 2615 2992 homo

768 3043 1125 3127 displiceret
1166 3038 1556 3116 necessariO,
1616 3057 1730 3104 nec
1775 3052 1983 3103 tantos
2040 3035 2311 3119 faceret,
2359 3055 2648 3122 quantos·

771 3174 990 3246 posset
1055 3178 1124 3224 ac
1167 3154 1456 3233 deberet,
1502 3156 1567 3220 in
1611 3172 1811 3219 rerum
1855 3152 2298 3236 disquisitione
2337 3175 2617 3241 progres-

773 3295 913 3342 suS.
1024 3275 1241 3355 Itaque
1284 3270 1350 3335 in
1403 3271 1603 3356 pulcri
1675 3273 1988 3336 tractanda
2043 3270 2484 3354 philosophia,
2542 3271 2614 3337 ad

700 3455 705 3464 ,
763 3392 965 3474 ipsum
1030 3388 1318 3473 pulcrum
1396 3384 1702 3450 continuo
1766 3387 2076 3452 convertit
2149 3363 2415 3451 mentem
2474 3403 2615 3452 nos-

768 3520 923 3569 tram
948 3550 972 3584 ,
1014 3502 1377 3583 artibusque
1428 3519 1547 3566 nos
1580 3501 1770 3587 jussit
1806 3500 2331 3586 elegantioribus,
2375 3503 2607 3583 praeci·

769 3637 894 3702 pue
956 3616 1227 3681 musicae
1289 3634 1532 3697 operam
1607 3633 1870 3696 navare,
1951 3631 2021 3680 ut
2103 3613 2203 3679 his
2265 3616 2611 3684 excolendis

655 3736 658 3740 ’
768 3748 910 3797 cum
972 3728 1170 3809 pulcri
1228 3748 1493 3793 amorem
1526 3778 1549 3810 ,
1625 3728 1877 3794 insitum
1963 3729 2147 3793 nobis
2208 3735 2477 3814 natura,
2551 3745 2610 3796 et

770 3844 1173 3912 excitaremus
1243 3821 1304 3906 et
1378 3846 1679 3911 aleremus
1706 3891 1729 3926 ,
1811 3859 1944 3910 tum
2006 3835 2108 3910 ad'
2141 3844 2347 3928 ipsum
2385 3844 2609 3932 ·pulcri

2502 3987 2614 4034 rat-

835 4104 937 4184 (ι)
973 4107 1261 4176 Praecipue
1284 4124 1439 4178 supra
1472 4113 1661 4177 patli-

785 4317 803 4346 C
