<?xml version="1.0" encoding="UTF-8"?>
<!DOCTYPE html PUBLIC "-//W3C//DTD XHTML 1.0 Transitional//EN"
    "http://www.w3.org/TR/xhtml1/DTD/xhtml1-transitional.dtd">
<html xmlns="http://www.w3.org/1999/xhtml" xml:lang="en" lang="en">
 <head>
  <title>
</title>
<meta http-equiv="Content-Type" content="text/html;charset=utf-8" />
  <meta name='ocr-system' content='tesseract 3.04.00' />
  <meta name='ocr-capabilities' content='ocr_page ocr_carea ocr_par ocr_line ocrx_word'/>
</head>
<body>
  <div class='ocr_page' id='page_1' title='image "./initiaphilosoph06heusgoog/initiaphilosoph06heusgoog_0144.png"; bbox 0 0 2900 4817; ppageno 0'>
   <div class='ocr_carea' id='block_1_1' title="bbox 1450 474 1841 521">
    <p class='ocr_par' dir='ltr' id='par_1_1' title="bbox 1450 474 1841 521">
     <span class='ocr_line' id='line_1_1' title="bbox 1450 474 1841 521; baseline -0.003 0"><span class='ocrx_word' id='word_1_1' title='bbox 1450 474 1841 521; x_wconf 82' lang='lat'><em>-112—</em></span> 
     </span>
    </p>
   </div>
   <div class='ocr_carea' id='block_1_2' title="bbox 611 634 2579 3986">
    <p class='ocr_par' dir='ltr' id='par_1_2' title="bbox 611 634 2579 3891">
     <span class='ocr_line' id='line_1_2' title="bbox 711 634 2567 724; baseline 0.003 -18"><span class='ocrx_word' id='word_1_2' title='bbox 711 650 778 706; x_wconf 87' lang='lat' dir='ltr'><strong>et</strong></span> <span class='ocrx_word' id='word_1_3' title='bbox 822 634 1298 724; x_wconf 69' lang='lat' dir='ltr'><strong>justitiadicere</strong></span> <span class='ocrx_word' id='word_1_4' title='bbox 1360 637 1726 705; x_wconf 83' lang='lat' dir='ltr'><strong>sustineret.</strong></span> <span class='ocrx_word' id='word_1_5' title='bbox 1816 634 1950 702; x_wconf 85' lang='lat' dir='ltr'><strong>Hac</strong></span> <span class='ocrx_word' id='word_1_6' title='bbox 2003 639 2189 706; x_wconf 87' lang='lat' dir='ltr'><strong>nobis</strong></span> <span class='ocrx_word' id='word_1_7' title='bbox 2249 640 2567 713; x_wconf 88' lang='lat' dir='ltr'><strong>Socratem</strong></span> 
     </span>
     <span class='ocr_line' id='line_1_3' title="bbox 710 751 2579 841; baseline 0.003 -21"><span class='ocrx_word' id='word_1_8' title='bbox 710 769 988 820; x_wconf 87' lang='lat' dir='ltr'><strong>utentem</strong></span> <span class='ocrx_word' id='word_1_9' title='bbox 1021 752 1384 838; x_wconf 19' lang='lat' dir='ltr'><strong>*proposuit</strong></span> <span class='ocrx_word' id='word_1_10' title='bbox 1457 755 1634 820; x_wconf 88' lang='lat' dir='ltr'><strong>Plato</strong></span> <span class='ocrx_word' id='word_1_11' title='bbox 1658 802 1682 833; x_wconf 93' lang='lat'><strong>,</strong></span> <span class='ocrx_word' id='word_1_12' title='bbox 1748 767 1821 819; x_wconf 91' lang='lat' dir='ltr'><strong>ut</strong></span> <span class='ocrx_word' id='word_1_13' title='bbox 1883 751 2155 821; x_wconf 87' lang='lat' dir='ltr'><strong>vidimus</strong></span> <span class='ocrx_word' id='word_1_14' title='bbox 2221 776 2411 841; x_wconf 85' lang='lat' dir='ltr'><strong>supra</strong></span> <span class='ocrx_word' id='word_1_15' title='bbox 2437 807 2463 838; x_wconf 92' lang='lat'><strong>,</strong></span> <span class='ocrx_word' id='word_1_16' title='bbox 2504 760 2579 806; x_wconf 74' lang='lat'><strong>&lt;⁸³</strong></span> 
     </span>
     <span class='ocr_line' id='line_1_4' title="bbox 711 870 2566 956; baseline 0.003 -19"><span class='ocrx_word' id='word_1_17' title='bbox 711 890 906 954; x_wconf 87' lang='lat' dir='ltr'><strong>quum</strong></span> <span class='ocrx_word' id='word_1_18' title='bbox 974 890 1094 954; x_wconf 90' lang='lat' dir='ltr'><strong>pro</strong></span> <span class='ocrx_word' id='word_1_19' title='bbox 1149 870 1469 956; x_wconf 88' lang='lat' dir='ltr'><strong>judicibus</strong></span> <span class='ocrx_word' id='word_1_20' title='bbox 1527 870 1801 939; x_wconf 80' lang='lat' dir='ltr'><strong>diceret:</strong></span> <span class='ocrx_word' id='word_1_21' title='bbox 1867 873 2249 956; x_wconf 82' lang='lat' dir='ltr'><strong>eandemque</strong></span> <span class='ocrx_word' id='word_1_22' title='bbox 2296 877 2566 944; x_wconf 87' lang='lat' dir='ltr'><strong>eundem</strong></span> 
     </span>
     <span class='ocr_line' id='line_1_5' title="bbox 704 986 2563 1074; baseline 0.003 -22"><span class='ocrx_word' id='word_1_23' title='bbox 704 986 771 1069; x_wconf 82' lang='lat' dir='ltr'><strong>in</strong></span> <span class='ocrx_word' id='word_1_24' title='bbox 834 987 1074 1072; x_wconf 78' lang='lat' dir='ltr'>Gorgia</span> <span class='ocrx_word' id='word_1_25' title='bbox 1142 988 1264 1053; x_wconf 93' lang='lat' dir='ltr'><strong>hoc</strong></span> <span class='ocrx_word' id='word_1_26' title='bbox 1324 987 1575 1074; x_wconf 81' lang='lat' dir='ltr'>dialogo</span> <span class='ocrx_word' id='word_1_27' title='bbox 1648 987 1745 1062; x_wconf 80' lang='lat' dir='ltr'><strong>sic</strong></span> <span class='ocrx_word' id='word_1_28' title='bbox 1837 989 2288 1058; x_wconf 82' lang='lat' dir='ltr'><strong>describentem</strong></span> <span class='ocrx_word' id='word_1_29' title='bbox 2358 991 2512 1058; x_wconf 88' lang='lat' dir='ltr'><strong>fecit</strong></span> <span class='ocrx_word' id='word_1_30' title='bbox 2533 1025 2563 1074; x_wconf 94' lang='lat'><strong>·,</strong></span> 
     </span>
     <span class='ocr_line' id='line_1_6' title="bbox 611 1089 2564 1191; baseline 0.003 -22"><span class='ocrx_word' id='word_1_31' title='bbox 611 1149 622 1153; x_wconf 95' lang='lat'><em>-</em></span> <span class='ocrx_word' id='word_1_32' title='bbox 705 1118 824 1185; x_wconf 90' lang='lat' dir='ltr'><strong>ut,</strong></span> <span class='ocrx_word' id='word_1_33' title='bbox 912 1104 1067 1187; x_wconf 89' lang='lat' dir='ltr'><strong>quid</strong></span> <span class='ocrx_word' id='word_1_34' title='bbox 1125 1103 1265 1188; x_wconf 91' lang='lat' dir='ltr'><strong>ipse</strong></span> <span class='ocrx_word' id='word_1_35' title='bbox 1318 1105 1620 1186; x_wconf 84' lang='lat' dir='ltr'><strong>sentiret,</strong></span> <span class='ocrx_word' id='word_1_36' title='bbox 1704 1104 1911 1189; x_wconf 88' lang='lat' dir='ltr'><strong>ipsius</strong></span> <span class='ocrx_word' id='word_1_37' title='bbox 1966 1106 2180 1174; x_wconf 87' lang='lat' dir='ltr'><strong>verbis</strong></span> <span class='ocrx_word' id='word_1_38' title='bbox 2248 1089 2564 1191; x_wconf 56' lang='lat' dir='ltr'><strong>exprime-</strong></span> 
     </span>
     <span class='ocr_line' id='line_1_7' title="bbox 706 1221 2566 1304; baseline 0.002 -17"><span class='ocrx_word' id='word_1_39' title='bbox 706 1237 826 1288; x_wconf 79' lang='lat' dir='ltr'><strong>ret.</strong></span> <span class='ocrx_word' id='word_1_40' title='bbox 887 1223 1125 1290; x_wconf 87' lang='lat' dir='ltr'><strong>Amens</strong></span> <span class='ocrx_word' id='word_1_41' title='bbox 1161 1221 1310 1287; x_wconf 88' lang='lat' dir='ltr'><strong>-sim</strong></span> <span class='ocrx_word' id='word_1_42' title='bbox 1365 1240 1434 1289; x_wconf 88' lang='lat' dir='ltr'><strong>re</strong></span> <span class='ocrx_word' id='word_1_43' title='bbox 1470 1241 1660 1303; x_wconf 84' lang='lat' dir='ltr'><strong>vera,</strong></span> <span class='ocrx_word' id='word_1_44' title='bbox 1706 1242 1748 1287; x_wconf 93' lang='grc' dir='ltr'>ο</span> <span class='ocrx_word' id='word_1_45' title='bbox 1805 1223 2144 1304; x_wconf 89' lang='lat' dir='ltr'><strong>Callicles,</strong></span> <span class='ocrx_word' id='word_1_46' title='bbox 2214 1225 2301 1289; x_wconf 94' lang='lat' dir='ltr'><strong>ait</strong></span> <span class='ocrx_word' id='word_1_47' title='bbox 2342 1224 2566 1291; x_wconf 80' lang='lat' dir='ltr'><strong>Socra·</strong></span> 
     </span>
     <span class='ocr_line' id='line_1_8' title="bbox 705 1338 2567 1423; baseline 0.001 -19"><span class='ocrx_word' id='word_1_48' title='bbox 705 1354 803 1406; x_wconf 92' lang='lat' dir='ltr'><strong>tes</strong></span> <span class='ocrx_word' id='word_1_49' title='bbox 824 1386 849 1420; x_wconf 95' lang='lat'><strong>,</strong></span> <span class='ocrx_word' id='word_1_50' title='bbox 911 1338 1032 1405; x_wconf 86' lang='lat' dir='ltr'><strong>nisi</strong></span> <span class='ocrx_word' id='word_1_51' title='bbox 1097 1354 1377 1422; x_wconf 85' lang='lat' dir='ltr'><strong>putarem</strong></span> <span class='ocrx_word' id='word_1_52' title='bbox 1396 1385 1419 1421; x_wconf 93' lang='lat'><strong>,</strong></span> <span class='ocrx_word' id='word_1_53' title='bbox 1481 1338 1546 1404; x_wconf 90' lang='lat' dir='ltr'><strong>in</strong></span> <span class='ocrx_word' id='word_1_54' title='bbox 1612 1339 1725 1404; x_wconf 85' lang='lat' dir='ltr'><strong>hac</strong></span> <span class='ocrx_word' id='word_1_55' title='bbox 1778 1358 2295 1423; x_wconf 87' lang='lat' dir='ltr'><strong>unumquemque</strong></span> <span class='ocrx_word' id='word_1_56' title='bbox 2345 1339 2567 1407; x_wconf 84' lang='lat' dir='ltr'><strong>civita-</strong></span> 
     </span>
     <span class='ocr_line' id='line_1_9' title="bbox 706 1452 2562 1538; baseline 0.003 -20"><span class='ocrx_word' id='word_1_57' title='bbox 706 1467 772 1523; x_wconf 90' lang='lat' dir='ltr'><strong>te</strong></span> <span class='ocrx_word' id='word_1_58' title='bbox 816 1454 882 1520; x_wconf 90' lang='lat' dir='ltr'><strong>id</strong></span> <span class='ocrx_word' id='word_1_59' title='bbox 932 1453 1193 1536; x_wconf 90' lang='lat' dir='ltr'><strong>subire,</strong></span> <span class='ocrx_word' id='word_1_60' title='bbox 1259 1453 1435 1537; x_wconf 90' lang='lat' dir='ltr'><strong>quod</strong></span> <span class='ocrx_word' id='word_1_61' title='bbox 1473 1452 1596 1537; x_wconf 90' lang='lat' dir='ltr'><strong>ipsi</strong></span> <span class='ocrx_word' id='word_1_62' title='bbox 1646 1453 1815 1522; x_wconf 87' lang='lat' dir='ltr'><strong>forte</strong></span> <span class='ocrx_word' id='word_1_63' title='bbox 1896 1457 2183 1538; x_wconf 84' lang='lat' dir='ltr'><strong>eveniat3</strong></span> <span class='ocrx_word' id='word_1_64' title='bbox 2251 1456 2406 1523; x_wconf 89' lang='lat' dir='ltr'><strong>illud</strong></span> <span class='ocrx_word' id='word_1_65' title='bbox 2451 1477 2562 1524; x_wconf 86' lang='lat' dir='ltr'><strong>au-</strong></span> 
     </span>
     <span class='ocr_line' id='line_1_10' title="bbox 615 1561 2561 1657; baseline 0.003 -20"><span class='ocrx_word' id='word_1_66' title='bbox 615 1601 622 1606; x_wconf 95' lang='lat'><strong>·</strong></span> <span class='ocrx_word' id='word_1_67' title='bbox 706 1587 834 1639; x_wconf 88' lang='lat' dir='ltr'><strong>tem</strong></span> <span class='ocrx_word' id='word_1_68' title='bbox 886 1587 1059 1639; x_wconf 90' lang='lat' dir='ltr'><strong>certo</strong></span> <span class='ocrx_word' id='word_1_69' title='bbox 1105 1571 1240 1638; x_wconf 90' lang='lat' dir='ltr'><strong>scio</strong></span> <span class='ocrx_word' id='word_1_70' title='bbox 1262 1619 1286 1654; x_wconf 92' lang='lat'><strong>,</strong></span> <span class='ocrx_word' id='word_1_71' title='bbox 1331 1573 1386 1637; x_wconf 91' lang='lat' dir='ltr'><strong>si</strong></span> <span class='ocrx_word' id='word_1_72' title='bbox 1429 1571 1680 1653; x_wconf 88' lang='lat' dir='ltr'><strong>quando</strong></span> <span class='ocrx_word' id='word_1_73' title='bbox 1724 1571 1793 1637; x_wconf 89' lang='lat' dir='ltr'><strong>in</strong></span> <span class='ocrx_word' id='word_1_74' title='bbox 1818 1571 2122 1657; x_wconf 87' lang='lat' dir='ltr'><strong>judicium</strong></span> <span class='ocrx_word' id='word_1_75' title='bbox 2156 1561 2389 1640; x_wconf 74' lang='lat' dir='ltr'><strong>venero</strong></span> <span class='ocrx_word' id='word_1_76' title='bbox 2412 1620 2436 1654; x_wconf 95' lang='lat'><strong>,</strong></span> <span class='ocrx_word' id='word_1_77' title='bbox 2479 1574 2561 1642; x_wconf 88' lang='lat' dir='ltr'><strong>de</strong></span> 
     </span>
     <span class='ocr_line' id='line_1_11' title="bbox 703 1689 2554 1775; baseline 0.001 -19"><span class='ocrx_word' id='word_1_78' title='bbox 703 1691 889 1758; x_wconf 87' lang='lat' dir='ltr'><strong>rebus</strong></span> <span class='ocrx_word' id='word_1_79' title='bbox 936 1689 1400 1774; x_wconf 84' lang='lat' dir='ltr'><strong>periclitaturus</strong></span> <span class='ocrx_word' id='word_1_80' title='bbox 1422 1734 1448 1769; x_wconf 93' lang='lat'><strong>,</strong></span> <span class='ocrx_word' id='word_1_81' title='bbox 1532 1707 1689 1772; x_wconf 88' lang='lat' dir='ltr'><strong>quas</strong></span> <span class='ocrx_word' id='word_1_82' title='bbox 1755 1702 1827 1754; x_wconf 90' lang='lat' dir='ltr'><strong>tu</strong></span> <span class='ocrx_word' id='word_1_83' title='bbox 1880 1689 2135 1771; x_wconf 78' lang='lat' dir='ltr'><strong>dixisti,</strong></span> <span class='ocrx_word' id='word_1_84' title='bbox 2198 1690 2554 1775; x_wconf 85' lang='lat' dir='ltr'><strong>improbum</strong></span> 
     </span>
     <span class='ocr_line' id='line_1_12' title="bbox 704 1804 2559 1888; baseline 0.001 -14"><span class='ocrx_word' id='word_1_85' title='bbox 704 1826 844 1874; x_wconf 85' lang='lat' dir='ltr'><strong>esse</strong></span> <span class='ocrx_word' id='word_1_86' title='bbox 894 1806 1179 1873; x_wconf 88' lang='lat' dir='ltr'><strong>futurum</strong></span> <span class='ocrx_word' id='word_1_87' title='bbox 1205 1852 1229 1886; x_wconf 92' lang='lat'><strong>,</strong></span> <span class='ocrx_word' id='word_1_88' title='bbox 1296 1804 1408 1888; x_wconf 91' lang='lat' dir='ltr'><strong>qui</strong></span> <span class='ocrx_word' id='word_1_89' title='bbox 1469 1823 1569 1872; x_wconf 90' lang='lat' dir='ltr'><strong>me</strong></span> <span class='ocrx_word' id='word_1_90' title='bbox 1627 1807 2035 1872; x_wconf 79' lang='lat' dir='ltr'><strong>accusaverit.</strong></span> <span class='ocrx_word' id='word_1_91' title='bbox 2123 1806 2286 1874; x_wconf 84' lang='lat' dir='ltr'><strong>Nam</strong></span> <span class='ocrx_word' id='word_1_92' title='bbox 2343 1808 2559 1875; x_wconf 87' lang='lat' dir='ltr'><strong>inson-</strong></span> 
     </span>
     <span class='ocr_line' id='line_1_13' title="bbox 700 1921 2548 2007; baseline -0.001 -13"><span class='ocrx_word' id='word_1_93' title='bbox 700 1938 836 1994; x_wconf 85' lang='lat' dir='ltr'><strong>tem</strong></span> <span class='ocrx_word' id='word_1_94' title='bbox 887 1923 1201 1989; x_wconf 85' lang='lat' dir='ltr'><strong>hominem</strong></span> <span class='ocrx_word' id='word_1_95' title='bbox 1256 1921 1399 2003; x_wconf 89' lang='lat' dir='ltr'><strong>quis</strong></span> <span class='ocrx_word' id='word_1_96' title='bbox 1461 1921 1704 1989; x_wconf 86' lang='lat' dir='ltr'><strong>tandem</strong></span> <span class='ocrx_word' id='word_1_97' title='bbox 1754 1937 2007 1989; x_wconf 87' lang='lat' dir='ltr'><strong>accuset</strong></span> <span class='ocrx_word' id='word_1_98' title='bbox 2044 1923 2285 2007; x_wconf 90' lang='lat' dir='ltr'><strong>probus</strong></span> <span class='ocrx_word' id='word_1_99' title='bbox 2307 1924 2341 1991; x_wconf 68' lang='grc' dir='ltr'><strong>*ἓ</strong></span> <span class='ocrx_word' id='word_1_100' title='bbox 2407 1924 2548 1991; x_wconf 86' lang='lat' dir='ltr'><strong>Nec</strong></span> 
     </span>
     <span class='ocr_line' id='line_1_14' title="bbox 697 2036 2556 2120; baseline -0.001 -10"><span class='ocrx_word' id='word_1_101' title='bbox 697 2060 850 2110; x_wconf 84' lang='lat' dir='ltr'><strong>vero</strong></span> <span class='ocrx_word' id='word_1_102' title='bbox 911 2056 1080 2107; x_wconf 89' lang='lat' dir='ltr'><strong>esset</strong></span> <span class='ocrx_word' id='word_1_103' title='bbox 1137 2038 1357 2105; x_wconf 89' lang='lat' dir='ltr'><strong>mirum</strong></span> <span class='ocrx_word' id='word_1_104' title='bbox 1387 2086 1409 2120; x_wconf 90' lang='lat'><strong>,</strong></span> <span class='ocrx_word' id='word_1_105' title='bbox 1454 2036 1508 2104; x_wconf 88' lang='lat' dir='ltr'><strong>si</strong></span> <span class='ocrx_word' id='word_1_106' title='bbox 1550 2039 1993 2106; x_wconf 86' lang='lat' dir='ltr'><strong>condemnarer</strong></span> <span class='ocrx_word' id='word_1_107' title='bbox 2045 2057 2271 2108; x_wconf 89' lang='lat' dir='ltr'><strong>morte.</strong></span> <span class='ocrx_word' id='word_1_108' title='bbox 2355 2041 2556 2108; x_wconf 88' lang='lat' dir='ltr'><strong>Visne</strong></span> 
     </span>
     <span class='ocr_line' id='line_1_15' title="bbox 697 2156 2554 2243; baseline 0.001 -19"><span class='ocrx_word' id='word_1_109' title='bbox 697 2158 816 2224; x_wconf 89' lang='lat' dir='ltr'><strong>tibi</strong></span> <span class='ocrx_word' id='word_1_110' title='bbox 887 2157 1135 2239; x_wconf 66' lang='lat' dir='ltr'><strong>dicamf,</strong></span> <span class='ocrx_word' id='word_1_111' title='bbox 1202 2175 1390 2240; x_wconf 86' lang='lat' dir='ltr'><strong>quam</strong></span> <span class='ocrx_word' id='word_1_112' title='bbox 1453 2156 1538 2224; x_wconf 93' lang='lat' dir='ltr'><strong>ob</strong></span> <span class='ocrx_word' id='word_1_113' title='bbox 1597 2176 1877 2224; x_wconf 80' lang='lat' dir='ltr'><strong>caussam</strong></span> <span class='ocrx_word' id='word_1_114' title='bbox 1937 2159 2089 2225; x_wconf 80' lang='lat' dir='ltr'><strong>haec</strong></span> <span class='ocrx_word' id='word_1_115' title='bbox 2150 2158 2237 2225; x_wconf 84' lang='lat' dir='ltr'><strong>ita</strong></span> <span class='ocrx_word' id='word_1_116' title='bbox 2295 2177 2554 2243; x_wconf 84' lang='lat' dir='ltr'><strong>exspec-</strong></span> 
     </span>
     <span class='ocr_line' id='line_1_16' title="bbox 698 2273 2552 2359; baseline 0.001 -18"><span class='ocrx_word' id='word_1_117' title='bbox 698 2275 875 2344; x_wconf 68' lang='lat' dir='ltr'><strong>tem?</strong></span> <span class='ocrx_word' id='word_1_118' title='bbox 916 2274 1253 2356; x_wconf 86' lang='lat' dir='ltr'><strong>Arbitror,</strong></span> <span class='ocrx_word' id='word_1_119' title='bbox 1299 2293 1400 2341; x_wconf 89' lang='lat' dir='ltr'><strong>me</strong></span> <span class='ocrx_word' id='word_1_120' title='bbox 1438 2294 1580 2358; x_wconf 78' lang='lat' dir='ltr'><strong>cum</strong></span> <span class='ocrx_word' id='word_1_121' title='bbox 1641 2273 1858 2359; x_wconf 85' lang='lat' dir='ltr'><strong>paucis</strong></span> <span class='ocrx_word' id='word_1_122' title='bbox 1896 2275 2428 2357; x_wconf 85' lang='lat' dir='ltr'><strong>Atheniensibus,</strong></span> <span class='ocrx_word' id='word_1_123' title='bbox 2471 2294 2552 2343; x_wconf 87' lang='lat' dir='ltr'><strong>ne</strong></span> 
     </span>
     <span class='ocr_line' id='line_1_17' title="bbox 696 2389 2547 2477; baseline 0 -17"><span class='ocrx_word' id='word_1_124' title='bbox 696 2394 894 2460; x_wconf 84' lang='lat' dir='ltr'><strong>dicam</strong></span> <span class='ocrx_word' id='word_1_125' title='bbox 970 2392 1227 2472; x_wconf 90' lang='lat' dir='ltr'><strong>solum,</strong></span> <span class='ocrx_word' id='word_1_126' title='bbox 1313 2411 1461 2458; x_wconf 89' lang='lat' dir='ltr'><strong>vere</strong></span> <span class='ocrx_word' id='word_1_127' title='bbox 1529 2391 1891 2458; x_wconf 87' lang='lat' dir='ltr'><strong>incumbere</strong></span> <span class='ocrx_word' id='word_1_128' title='bbox 1946 2392 2013 2458; x_wconf 91' lang='lat' dir='ltr'><strong>in</strong></span> <span class='ocrx_word' id='word_1_129' title='bbox 2074 2389 2201 2459; x_wconf 75' lang='lat' dir='ltr'><strong>‘res</strong></span> <span class='ocrx_word' id='word_1_130' title='bbox 2259 2394 2547 2477; x_wconf 77' lang='lat' dir='ltr'><strong>politicas</strong></span> 
     </span>
     <span class='ocr_line' id='line_1_18' title="bbox 692 2497 2547 2594; baseline 0.001 -17"><span class='ocrx_word' id='word_1_131' title='bbox 692 2528 925 2592; x_wconf 62' lang='lat' dir='ltr'><strong>&amp;sque</strong></span> <span class='ocrx_word' id='word_1_132' title='bbox 992 2512 1198 2594; x_wconf 81' lang='lat' dir='ltr'><strong>solum</strong></span> <span class='ocrx_word' id='word_1_133' title='bbox 1262 2528 1475 2574; x_wconf 87' lang='lat' dir='ltr'><strong>eorum</strong></span> <span class='ocrx_word' id='word_1_134' title='bbox 1499 2557 1524 2589; x_wconf 94' lang='lat'><strong>,</strong></span> <span class='ocrx_word' id='word_1_135' title='bbox 1599 2508 1711 2591; x_wconf 90' lang='lat' dir='ltr'><strong>qui</strong></span> <span class='ocrx_word' id='word_1_136' title='bbox 1772 2527 1941 2575; x_wconf 89' lang='lat' dir='ltr'><strong>nunc</strong></span> <span class='ocrx_word' id='word_1_137' title='bbox 2001 2524 2150 2575; x_wconf 88' lang='lat' dir='ltr'><strong>sunt</strong></span> <span class='ocrx_word' id='word_1_138' title='bbox 2175 2557 2199 2591; x_wconf 97' lang='lat'><strong>,</strong></span> <span class='ocrx_word' id='word_1_139' title='bbox 2258 2497 2547 2590; x_wconf 75' lang='lat' dir='ltr'><strong>trac&#39;tare.</strong></span> 
     </span>
     <span class='ocr_line' id='line_1_19' title="bbox 695 2624 2547 2716; baseline -0.002 -21"><span class='ocrx_word' id='word_1_140' title='bbox 695 2627 1157 2716; x_wconf 81' lang='lat' dir='ltr'><strong>Quamobrem,</strong></span> <span class='ocrx_word' id='word_1_141' title='bbox 1199 2645 1342 2692; x_wconf 89' lang='lat' dir='ltr'><strong>cum</strong></span> <span class='ocrx_word' id='word_1_142' title='bbox 1385 2643 1517 2691; x_wconf 83' lang='lat' dir='ltr'><strong>non</strong></span> <span class='ocrx_word' id='word_1_143' title='bbox 1566 2627 1644 2691; x_wconf 85' lang='lat' dir='ltr'><strong>ad</strong></span> <span class='ocrx_word' id='word_1_144' title='bbox 1696 2624 1950 2710; x_wconf 83' lang='lat' dir='ltr'><strong>gratiam</strong></span> <span class='ocrx_word' id='word_1_145' title='bbox 2010 2626 2176 2709; x_wconf 85' lang='lat' dir='ltr'><strong>apud</strong></span> <span class='ocrx_word' id='word_1_146' title='bbox 2225 2625 2394 2692; x_wconf 88' lang='lat' dir='ltr'><strong>cives</strong></span> <span class='ocrx_word' id='word_1_147' title='bbox 2449 2627 2547 2700; x_wconf 83' lang='lat' dir='ltr'><strong>in-</strong></span> 
     </span>
     <span class='ocr_line' id='line_1_20' title="bbox 695 2741 2544 2827; baseline -0.002 -13"><span class='ocrx_word' id='word_1_148' title='bbox 695 2747 956 2814; x_wconf 85' lang='lat' dir='ltr'><strong>eundam</strong></span> <span class='ocrx_word' id='word_1_149' title='bbox 1009 2745 1206 2811; x_wconf 88' lang='lat' dir='ltr'><strong>dicam</strong></span> <span class='ocrx_word' id='word_1_150' title='bbox 1227 2790 1251 2824; x_wconf 92' lang='lat'><strong>,</strong></span> <span class='ocrx_word' id='word_1_151' title='bbox 1296 2742 1545 2824; x_wconf 88' lang='lat' dir='ltr'><strong>quoties</strong></span> <span class='ocrx_word' id='word_1_152' title='bbox 1601 2741 1742 2807; x_wconf 90' lang='lat' dir='ltr'><strong>dico</strong></span> <span class='ocrx_word' id='word_1_153' title='bbox 1766 2789 1790 2822; x_wconf 95' lang='lat'><strong>,</strong></span> <span class='ocrx_word' id='word_1_154' title='bbox 1846 2744 1959 2810; x_wconf 94' lang='lat' dir='ltr'><strong>sed</strong></span> <span class='ocrx_word' id='word_1_155' title='bbox 2023 2756 2297 2827; x_wconf 84' lang='lat' dir='ltr'><strong>spectem</strong></span> <span class='ocrx_word' id='word_1_156' title='bbox 2369 2745 2544 2826; x_wconf 84' lang='lat' dir='ltr'><strong>quod</strong></span> 
     </span>
     <span class='ocr_line' id='line_1_21' title="bbox 694 2857 2546 2949; baseline -0.002 -18"><span class='ocrx_word' id='word_1_157' title='bbox 694 2865 1002 2949; x_wconf 77' lang='lat' dir='ltr'><strong>optImum</strong></span> <span class='ocrx_word' id='word_1_158' title='bbox 1024 2910 1048 2944; x_wconf 91' lang='lat'><strong>,</strong></span> <span class='ocrx_word' id='word_1_159' title='bbox 1091 2879 1222 2928; x_wconf 87' lang='lat' dir='ltr'><strong>non</strong></span> <span class='ocrx_word' id='word_1_160' title='bbox 1278 2860 1453 2943; x_wconf 91' lang='lat' dir='ltr'><strong>quod</strong></span> <span class='ocrx_word' id='word_1_161' title='bbox 1506 2857 1932 2926; x_wconf 87' lang='lat' dir='ltr'><strong>dulcissimum</strong></span> <span class='ocrx_word' id='word_1_162' title='bbox 1981 2875 2120 2941; x_wconf 89' lang='lat' dir='ltr'><strong>est,</strong></span> <span class='ocrx_word' id='word_1_163' title='bbox 2186 2879 2303 2928; x_wconf 86' lang='lat' dir='ltr'><strong>nec</strong></span> <span class='ocrx_word' id='word_1_164' title='bbox 2359 2861 2546 2928; x_wconf 85' lang='lat' dir='ltr'><strong>velim</strong></span> 
     </span>
     <span class='ocr_line' id='line_1_22' title="bbox 685 2971 2579 3068; baseline -0.002 -18"><span class='ocrx_word' id='word_1_165' title='bbox 685 2984 999 3068; x_wconf 82' lang='lat' dir='ltr'><strong>-praeclara</strong></span> <span class='ocrx_word' id='word_1_166' title='bbox 1056 2981 1159 3046; x_wconf 82' lang='lat' dir='ltr'><strong>illa</strong></span> <span class='ocrx_word' id='word_1_167' title='bbox 1182 3027 1205 3061; x_wconf 91' lang='lat'><strong>‚</strong></span> <span class='ocrx_word' id='word_1_168' title='bbox 1261 2996 1422 3061; x_wconf 88' lang='lat' dir='ltr'><strong>quae</strong></span> <span class='ocrx_word' id='word_1_169' title='bbox 1471 2977 1662 3043; x_wconf 91' lang='lat' dir='ltr'><strong>modo</strong></span> <span class='ocrx_word' id='word_1_170' title='bbox 1706 2978 2001 3043; x_wconf 87' lang='lat' dir='ltr'><strong>enarrasti</strong></span> <span class='ocrx_word' id='word_1_171' title='bbox 2023 3024 2048 3059; x_wconf 93' lang='lat'><strong>,</strong></span> <span class='ocrx_word' id='word_1_172' title='bbox 2092 2975 2297 3045; x_wconf 86' lang='lat' dir='ltr'><strong>facere</strong></span> <span class='ocrx_word' id='word_1_173' title='bbox 2315 3025 2340 3059; x_wconf 92' lang='lat'><strong>,</strong></span> <span class='ocrx_word' id='word_1_174' title='bbox 2377 2971 2579 3046; x_wconf 61' lang='lat' dir='ltr'><strong>haud&#39;</strong></span> 
     </span>
     <span class='ocr_line' id='line_1_23' title="bbox 623 3093 2541 3188; baseline -0.002 -20"><span class='ocrx_word' id='word_1_175' title='bbox 623 3185 626 3188; x_wconf 21' lang='grc' dir='ltr'>Ι</span> <span class='ocrx_word' id='word_1_176' title='bbox 691 3118 843 3168; x_wconf 85' lang='lat' dir='ltr'><strong>sane</strong></span> <span class='ocrx_word' id='word_1_177' title='bbox 925 3097 1169 3164; x_wconf 89' lang='lat' dir='ltr'><strong>habebo</strong></span> <span class='ocrx_word' id='word_1_178' title='bbox 1248 3095 1539 3178; x_wconf 87' lang='lat' dir='ltr'><strong>equidem</strong></span> <span class='ocrx_word' id='word_1_179' title='bbox 1614 3093 1792 3177; x_wconf 90' lang='lat' dir='ltr'><strong>quod</strong></span> <span class='ocrx_word' id='word_1_180' title='bbox 1868 3094 1934 3160; x_wconf 89' lang='lat' dir='ltr'><strong>in</strong></span> <span class='ocrx_word' id='word_1_181' title='bbox 1995 3094 2231 3179; x_wconf 85' lang='lat' dir='ltr'><strong>judicio</strong></span> <span class='ocrx_word' id='word_1_182' title='bbox 2316 3096 2541 3165; x_wconf 82' lang='lat' dir='ltr'><strong>dicam.</strong></span> 
     </span>
     <span class='ocr_line' id='line_1_24' title="bbox 688 3191 2547 3299; baseline -0.003 -14"><span class='ocrx_word' id='word_1_183' title='bbox 688 3219 857 3285; x_wconf 87' lang='lat' dir='ltr'><strong>ldem</strong></span> <span class='ocrx_word' id='word_1_184' title='bbox 908 3215 986 3280; x_wconf 90' lang='lat' dir='ltr'><strong>de</strong></span> <span class='ocrx_word' id='word_1_185' title='bbox 1047 3231 1148 3282; x_wconf 88' lang='lat' dir='ltr'><strong>me</strong></span> <span class='ocrx_word' id='word_1_186' title='bbox 1201 3212 1628 3294; x_wconf 85' lang='lat' dir='ltr'><strong>usurpandum</strong></span> <span class='ocrx_word' id='word_1_187' title='bbox 1651 3258 1675 3292; x_wconf 94' lang='lat'><strong>,</strong></span> <span class='ocrx_word' id='word_1_188' title='bbox 1719 3212 1895 3294; x_wconf 88' lang='lat' dir='ltr'><strong>quod</strong></span> <span class='ocrx_word' id='word_1_189' title='bbox 1955 3212 2112 3277; x_wconf 91' lang='lat' dir='ltr'>Polo</span> <span class='ocrx_word' id='word_1_190' title='bbox 2162 3213 2335 3281; x_wconf 78' lang='lat' dir='ltr'><strong>dixi:</strong></span> <span class='ocrx_word' id='word_1_191' title='bbox 2378 3191 2547 3299; x_wconf 84' lang='lat' dir='ltr'><strong>judi·</strong></span> 
     </span>
     <span class='ocr_line' id='line_1_25' title="bbox 679 3329 2543 3414; baseline -0.002 -12"><span class='ocrx_word' id='word_1_192' title='bbox 679 3335 883 3402; x_wconf 86' lang='lat' dir='ltr'><strong>:cabor</strong></span> <span class='ocrx_word' id='word_1_193' title='bbox 953 3330 1194 3398; x_wconf 86' lang='lat' dir='ltr'><strong>scilicet</strong></span> <span class='ocrx_word' id='word_1_194' title='bbox 1218 3378 1242 3411; x_wconf 95' lang='lat'><strong>,</strong></span> <span class='ocrx_word' id='word_1_195' title='bbox 1305 3342 1378 3394; x_wconf 89' lang='lat' dir='ltr'><strong>ut</strong></span> <span class='ocrx_word' id='word_1_196' title='bbox 1424 3348 1460 3395; x_wconf 86' lang='lat' dir='ltr'><strong>a</strong></span> <span class='ocrx_word' id='word_1_197' title='bbox 1527 3329 1806 3413; x_wconf 84' lang='lat' dir='ltr'><strong>puerulis</strong></span> <span class='ocrx_word' id='word_1_198' title='bbox 1870 3329 2248 3414; x_wconf 85' lang='lat' dir='ltr'><strong>judicaretur</strong></span> <span class='ocrx_word' id='word_1_199' title='bbox 2272 3378 2296 3412; x_wconf 97' lang='lat'><strong>,</strong></span> <span class='ocrx_word' id='word_1_200' title='bbox 2360 3352 2543 3399; x_wconf 85' lang='lat' dir='ltr'><strong>accu-</strong></span> 
     </span>
     <span class='ocr_line' id='line_1_26' title="bbox 683 3445 2543 3539; baseline -0.002 -20"><span class='ocrx_word' id='word_1_201' title='bbox 683 3465 864 3519; x_wconf 84' lang='lat' dir='ltr'><strong>sante</strong></span> <span class='ocrx_word' id='word_1_202' title='bbox 901 3472 1130 3539; x_wconf 84' lang='lat' dir='ltr'><strong>coquo,</strong></span> <span class='ocrx_word' id='word_1_203' title='bbox 1196 3447 1487 3512; x_wconf 81' lang='lat' dir='ltr'><strong>medicus.</strong></span> <span class='ocrx_word' id='word_1_204' title='bbox 1568 3445 1740 3512; x_wconf 88' lang='lat' dir='ltr'><strong>Vide</strong></span> <span class='ocrx_word' id='word_1_205' title='bbox 1813 3446 1980 3512; x_wconf 89' lang='lat' dir='ltr'><strong>enim</strong></span> <span class='ocrx_word' id='word_1_206' title='bbox 2007 3493 2032 3530; x_wconf 93' lang='lat'><strong>,</strong></span> <span class='ocrx_word' id='word_1_207' title='bbox 2095 3447 2250 3529; x_wconf 89' lang='lat' dir='ltr'><strong>quid</strong></span> <span class='ocrx_word' id='word_1_208' title='bbox 2320 3448 2543 3534; x_wconf 81' lang='lat' dir='ltr'><strong>hujus·</strong></span> 
     </span>
     <span class='ocr_line' id='line_1_27' title="bbox 687 3562 2541 3649; baseline -0.002 -13"><span class='ocrx_word' id='word_1_209' title='bbox 687 3568 860 3636; x_wconf 87' lang='lat' dir='ltr'><strong>modi</strong></span> <span class='ocrx_word' id='word_1_210' title='bbox 911 3569 1104 3634; x_wconf 87' lang='lat' dir='ltr'><strong>homo</strong></span> <span class='ocrx_word' id='word_1_211' title='bbox 1163 3568 1316 3632; x_wconf 86' lang='lat' dir='ltr'><strong>tales</strong></span> <span class='ocrx_word' id='word_1_212' title='bbox 1376 3577 1594 3630; x_wconf 86' lang='lat' dir='ltr'><strong>nactus</strong></span> <span class='ocrx_word' id='word_1_213' title='bbox 1644 3562 1887 3649; x_wconf 85' lang='lat' dir='ltr'><strong>judices</strong></span> <span class='ocrx_word' id='word_1_214' title='bbox 1911 3611 1937 3644; x_wconf 90' lang='lat'><strong>,</strong></span> <span class='ocrx_word' id='word_1_215' title='bbox 1979 3564 2211 3631; x_wconf 89' lang='lat' dir='ltr'><strong>diceret</strong></span> <span class='ocrx_word' id='word_1_216' title='bbox 2235 3611 2260 3645; x_wconf 92' lang='lat'><strong>,</strong></span> <span class='ocrx_word' id='word_1_217' title='bbox 2332 3567 2385 3634; x_wconf 91' lang='lat' dir='ltr'><strong>si</strong></span> <span class='ocrx_word' id='word_1_218' title='bbox 2427 3585 2541 3633; x_wconf 90' lang='lat' dir='ltr'><strong>co·</strong></span> 
     </span>
     <span class='ocr_line' id='line_1_28' title="bbox 663 3681 2537 3768; baseline 0.001 -22"><span class='ocrx_word' id='word_1_219' title='bbox 663 3704 855 3768; x_wconf 74' lang='lat' dir='ltr'><strong>,quus</strong></span> <span class='ocrx_word' id='word_1_220' title='bbox 915 3703 1058 3750; x_wconf 87' lang='lat' dir='ltr'><strong>eum</strong></span> <span class='ocrx_word' id='word_1_221' title='bbox 1109 3683 1175 3748; x_wconf 90' lang='lat' dir='ltr'><strong>in</strong></span> <span class='ocrx_word' id='word_1_222' title='bbox 1219 3683 1388 3749; x_wconf 89' lang='lat' dir='ltr'><strong>hunc</strong></span> <span class='ocrx_word' id='word_1_223' title='bbox 1429 3681 1683 3747; x_wconf 89' lang='lat' dir='ltr'><strong>modum</strong></span> <span class='ocrx_word' id='word_1_224' title='bbox 1728 3695 2085 3747; x_wconf 81' lang='lat' dir='ltr'><strong>accusaret:</strong></span> <span class='ocrx_word' id='word_1_225' title='bbox 2132 3682 2345 3748; x_wconf 79' lang='lat' dir='ltr'><strong>multis</strong></span> <span class='ocrx_word' id='word_1_226' title='bbox 2383 3702 2483 3749; x_wconf 74' lang='lat' dir='ltr'><strong>vos</strong></span> <span class='ocrx_word' id='word_1_227' title='bbox 2510 3730 2537 3765; x_wconf 92' lang='lat'><strong>,</strong></span> 
     </span>
     <span class='ocr_line' id='line_1_29' title="bbox 688 3794 2544 3891; baseline 0.001 -24"><span class='ocrx_word' id='word_1_228' title='bbox 688 3821 722 3866; x_wconf 86' lang='lat'><em>0</em></span> <span class='ocrx_word' id='word_1_229' title='bbox 771 3802 1008 3891; x_wconf 81' lang='lat' dir='ltr'><strong>pueri,</strong></span> <span class='ocrx_word' id='word_1_230' title='bbox 1067 3800 1173 3866; x_wconf 71' lang='lat' dir='ltr'><strong>vir</strong></span> <span class='ocrx_word' id='word_1_231' title='bbox 1244 3799 1408 3865; x_wconf 73' lang='lat' dir='ltr'><strong>hicce</strong></span> <span class='ocrx_word' id='word_1_232' title='bbox 1468 3799 1980 3883; x_wconf 74' lang='lat' dir='ltr'><strong>gravissimisque</strong></span> <span class='ocrx_word' id='word_1_233' title='bbox 2050 3797 2236 3863; x_wconf 81' lang='lat' dir='ltr'><strong>malis</strong></span> <span class='ocrx_word' id='word_1_234' title='bbox 2270 3794 2485 3881; x_wconf 78' lang='lat' dir='ltr'><strong>affecit</strong></span> <span class='ocrx_word' id='word_1_235' title='bbox 2516 3822 2544 3868; x_wconf 89' lang='lat'><strong>.·</strong></span> 
     </span>
    </p>

    <p class='ocr_par' dir='ltr' id='par_1_3' title="bbox 2402 3935 2542 3986">
     <span class='ocr_line' id='line_1_30' title="bbox 2402 3935 2542 3986; baseline -0.014 0"><span class='ocrx_word' id='word_1_236' title='bbox 2402 3935 2542 3986; x_wconf 64' lang='lat' dir='ltr'><strong>oua</strong></span> 
     </span>
    </p>
   </div>
   <div class='ocr_carea' id='block_1_3' title="bbox 686 4061 1140 4185">
    <p class='ocr_par' dir='ltr' id='par_1_4' title="bbox 686 4061 1140 4185">
     <span class='ocr_line' id='line_1_31' title="bbox 686 4061 1140 4185; baseline -0.007 -43"><span class='ocrx_word' id='word_1_237' title='bbox 686 4061 1140 4185; x_wconf 22' lang='lat' dir='ltr'><strong>·(¹)P·9⁸·&#39;</strong></span> 
     </span>
    </p>
   </div>
  </div>
 </body>
</html>
