2900 4817
1054 477 1408 546 nnn-1⁵·—

298 678 497 768 plent.
579 677 750 747 Cum
810 676 1076 744 excitare
1131 677 1199 742 in
1264 673 1343 743 iis
1405 677 1703 744 deberent
1726 687 1762 760 ‚⁸
1829 680 1942 762 qui
1997 675 2170 749 intus

293 799 513 867 natura
579 796 800 877 adest,
874 794 1164 880 quamvis
1222 793 1410 861 lateat
1472 794 1631 863 istos
1653 842 1678 878 ‚
1723 815 1998 866 amorem
2065 819 2177 867 ve·

288 917 340 982 ri
365 965 391 999 ,
434 933 647 1000 eoque
688 911 1015 981 excitando
1063 909 1587 997 incendendoque
1620 911 1862 982 efficere
1882 961 1909 998 ‚
1949 929 2024 984 ut
2070 915 2175 1004 ip·

288 1035 348 1101 sl
406 1051 525 1119 per
578 1047 658 1101 se
702 1045 938 1120 sponte
974 1048 1093 1101 sua
1155 1030 1234 1096 ad
1292 1029 1427 1096 veri
1464 1029 1792 1100 scientiam
1831 1033 2178 1103 contende-

288 1125 479 1235 rent-3
525 1150 933 1236 restinguunt
987 1147 1159 1216 hunc
1217 1165 1492 1215 amorem
1544 1146 1614 1244 in
1666 1147 1930 1234 animis,
1974 1151 2177 1238 impe·

283 1270 467 1336 diunt
507 1268 732 1335 saltem
752 1310 778 1349 ‚
822 1284 906 1332 ne
960 1263 1401 1335 inflammetur.
1489 1261 1657 1335 Nam
1706 1266 1932 1352 quidni
1978 1266 2183 1357 impe-

284 1389 457 1455 diant
474 1433 502 1470 ,
567 1383 826 1469 quoties
880 1377 1091 1470 longis
1135 1381 1535 1467 infinitisque
1593 1382 1897 1455 habendis
1937 1387 2178 1454 oratio·

282 1507 478 1574 nibus
537 1501 813 1590 speciem
878 1498 1006 1569 illis
1061 1517 1272 1570 rerum
1335 1486 1683 1567 ostendunt
1697 1549 1723 1585 ‚
1781 1520 1884 1570 res
1963 1501 2180 1574 occul-

286 1637 420 1691 tant
445 1671 473 1708 ‚
518 1620 787 1707 speciem
822 1633 1032 1687 autem
1081 1617 1174 1684 sic
1240 1619 1680 1686 commendant
1703 1665 1728 1700 ,
1792 1619 1884 1686 sic
1926 1622 2178 1691 veritati
2287 1601 2292 1606 ¹

287 1731 542 1826 fingunt
585 1737 854 1818 slmilem
880 1783 905 1819 ‚
950 1749 1024 1802 ut
1059 1734 1154 1802 illi
1194 1737 1314 1820 pei·
1355 1747 1553 1803 totam
1602 1736 1902 1825 deinceps
1932 1739 2176 1827 vitam,

286 1858 529 1926 umbris
595 1852 909 1938 falsisque
983 1851 1334 1920 simulacris
1352 1900 1378 1936 ‚
1467 1853 1851 1942 opinionibus
1914 1858 2177 1927 omnino

284 1977 677 2043 delectentur
692 1994 720 2057 ;
737 1970 1067 2039 veritatem
1106 1987 1261 2037 vero
1302 1988 1437 2037 non
1478 1983 1722 2039 tantum
1765 1990 1901 2041 non
1935 1989 2175 2062 ament,

287 2093 398 2160 sed
439 2109 587 2159 esse
625 2089 781 2156 adeo
813 2134 838 2169 ,
899 2099 1159 2171 excepta
1199 2086 1460 2173 specie,
1504 2104 1762 2173 negent.
1852 2089 2028 2181 Quid
2079 2095 2176 2165 fa-

279 2212 525 2279 ciamus
560 2202 930 2276 hominibus
970 2203 1155 2272 istis?
1230 2204 1398 2272 Nam
1424 2203 1608 2274 haud
1654 2226 1807 2277 sane
1855 2213 2176 2299 negligen-

282 2329 348 2395 di
410 2327 712 2396 videntur
770 2339 914 2390 esse
937 2369 962 2405 ‚
1037 2335 1148 2388 aut
1196 2324 1667 2393 contemnendi.
1779 2327 2176 2400 Confirmare

282 2442 433 2530 haec
472 2444 705 2529 placita
734 2459 1131 2509 summorum
1149 2459 1297 2508 cum
1317 2441 1665 2527 'poetarum
1686 2489 1711 2524 ,
1732 2457 1866 2511 tum
1885 2445 2177 2528 philoso-

280 2557 1000 2651 phorum‚auctoritate
1039 2557 1369 2625 nitunturt
1397 2557 1640 2644 quippe
1672 2577 1976 2646 perquam
2017 2578 2175 2631 sunt

280 2698 343 2749 et
380 2678 558 2747 docti
601 2690 668 2744 et
705 2674 876 2742 acuti
914 2690 981 2743 et
1018 2674 1386 2761 praesertim
1438 2674 1681 2746 diserti.
1769 2679 1875 2747 Ab
1933 2679 2176 2749 Home-

282 2798 418 2864 rico
476 2794 674 2881 igitur
725 2791 985 2876 exorsi,
1049 2793 1229 2877 quod
1282 2791 1643 2860 reconditae
1704 2795 1862 2881 ipsis
1918 2796 2174 2868 videtur

286 2914 634 3005 sapientiae
671 2912 978 2999 plenumz

379 3033 682 3105 Ὠκεανὸν
720 3057 792 3102 τε
832 3034 972 3100 θεῶν
1010 3031 1246 3113 γένεσιν
1282 3030 1388 3101 καὶ
1427 3031 1667 3117 μήτ-φα
1705 3038 1924 3112 Τῆθνν·

282 3152 390 3220 Sic
448 3145 770 3236 placuisse
824 3145 1304 3233 sapientissimis
1363 3145 1522 3215 viris
1553 3195 1581 3232 ‚
1633 3150 1811 3235 ajunt
1833 3197 1858 3234 ‚
1902 3165 1979 3219 ut
2017 3147 2174 3223 flue·

283 3284 356 3336 re
409 3262 776 3350 mutarique
826 3277 1085 3350 semper
1132 3262 1341 3335 omnia
1372 3311 1397 3346 ,
1442 3264 1534 3332 nil
1593 3285 1736 3335 esse
1795 3269 2024 3339 stabile
2063 3271 2172 3342 vel
2213 3243 2220 3248 ¹

284 3382 536 3452 firmum
583 3377 1085 3446 contendere-,nrt
1150 3379 1560 3449 contendisse
1621 3380 1817 3469 igitur
1878 3398 1946 3452 et
1984 3353 2167 3472 ipsos

289 3498 531 3581 videri,
588 3497 660 3565 in
723 3496 841 3563 hac
909 3513 1122 3564 rerum
1161 3485 1577 3565 fluctuatione
1627 3517 1848 3569 verum
1891 3519 2035 3570 esse
2073 3506 2172 3573 ni-

287 3618 379 3686 hil
400 3665 427 3702 ,
468 3615 586 3685 sed
652 3613 723 3682 id
760 3612 887 3680 dici
920 3632 1192 3696 verum,
1239 3615 1412 3698 quod
1452 3614 1743 3683 videtum
1792 3618 1914 3687 hoc
1963 3636 2172 3696 autem

286 3709 433 3815 aliis⁸
485 3729 858 3802 hominibus
881 3778 905 3814 ‚
967 3729 1102 3798 aliis
1146 3729 1547 3815 temporibus
1568 3776 1593 3811 ,
1634 3731 1803 3800 aliud
1841 3754 2006 3806 esse.
2093 3740 2173 3812 In

293 3851 531 3941 quibus
573 3847 1006 3924 Her-aeliteum
1044 3846 1319 3922 affetum
1372 3847 1441 3918 in
1494 3848 1757 3934 primisa
1819 3853 1913 3928 ὅτι
1960 3861 2049 3938 δὶς
2081 3864 2170 3941 εἰς

2067 3984 2171 4047 τὶν
