2900 4817
1449 455 1797 520 ...52—

701 634 1101 686 consectatur
1155 622 1362 689 animo
1417 622 1623 688 omnis
1674 623 1867 689 homo
1886 636 1915 699 ,·
1980 624 2296 706 cujusque
2352 635 2571 688 caussa

704 737 833 821 agit
883 738 1136 819 omnia,
1171 757 1534 821 augurans,
1579 757 1724 807 esse
1784 738 1941 803 illud
1996 738 2283 820 aliquid,
2322 739 2570 805 dubitat

685 867 902 927 ,autem
960 872 1076 920 nec
1134 869 1304 921 tenet
1360 855 1516 922 satis
1544 903 1565 933 ,
1625 854 1779 938 quid
1819 856 1904 920 sit
1927 903 1959 953 ,δ
1994 875 2063 920 ac
2122 872 2458 940 propterea
2494 858 2575 922 de

700 970 959 1037 caeteris
1007 990 1138 1038 non
1181 974 1585 1055 assequitur,
1650 993 1802 1039 num
1861 974 2015 1055 quid
2062 974 2351 1040 utilitatis
2399 993 2575 1058 prae·

695 1088 930 1161 beant:
975 1089 1054 1156 de
1114 1089 1237 1155 hoe
1304 1090 1498 1176 igitur
1559 1090 1819 1176 negotio
1844 1139 1869 1171 ,
1925 1093 2100 1175 quod
2138 1070 2260 1158 tale
2301 1107 2401 1183 est
2428 1108 2607 1159 tan·-

691 1221 1014 1289 -tumque,
1058 1211 1365 1276 caecutire
1416 1206 1738 1291 oportebit
1782 1207 2069 1290 optimos·
2120 1207 2267 1273 illos
2312 1209 2380 1274 in
2419 1209 2576 1275 eivi-

706 1337 833 1390 tate
887 1322 1113 1406 viros,
1165 1325 1399 1409 quibus
1457 1324 1665 1390 omnia
1718 1343 1937 1391 sumus
1980 1324 2439 1401 commissuri?
2476 1357 2578 1377 -

659 1432 1003 1510 'Minime.
1045 1481 1134 1495 —
1175 1443 1353 1508 Reor
1401 1443 1734 1524 equidem,
1790 1443 2080 1524 custodi,
2127 1443 2239 1524 qui
2293 1446 2460 1530 iusta
2509 1460 2577 1512 et

705 1563 923 1645 pulcra
979 1575 1229 1641 teneat,
1273 1562 1520 1645 ignoret
1564 1580 1716 1625 vero
1734 1598 1761 1640 -,
1828 1538 1977 1641 qua·
2010 1561 2253 1628 ratione
2286 1563 2439 1629 haec
2474 1564 2576 1629 bo·

694 1700 790 1748 na
836 1679 1010 1760 sint,
1053 1697 1182 1744 non
1235 1678 1415 1744 multi
1475 1675 1814 1743 faciendam
1874 1696 2095 1745 corum
2141 1679 2569 1764 cognitionem

695 1794 886 1887 resse:
933 1795 988 1861 si
1046 1797 1250 1877 adeo,
1311 1795 1423 1877 qui
1477 1797 1602 1860 hoc
1671 1796 1962 1880 ignorat,
2018 1810 2232 1863 tenere
2275 1797 2383 1874 illa
2424 1818 2580 1882 pos-

701 1915 834 1997 sit;
873 1932 995 1998 ego
1050 1931 1205 1980 vero
1257 1912 1567 1981 neminem
1627 1930 1946 1997 atiguror,
1994 1913 2181 1997 hujus
2241 1913 2575 1998 ignarum,

699 2030 806 2096 illa
847 2043 1283 2099 assecuturum
1321 2048 1487 2097 esse.
1529 2068 1618 2083 —
1673 2030 1763 2096 Et
1817 2045 1983 2097 recte
2026 2030 2279 2113 quidem
2318 2052 2581 2120 augura-

701 2148 816 2229 εἰς.
859 2184 951 2200 -
984 2147 1162 2234 Ergo
1197 2161 1330 2212 turn
1372 2147 1621 2213 demum
1659 2145 2009 2231 perfectum
2060 2148 2124 2214 in
2170 2150 2427 2216 modum
2477 2169 2582 2216 or-

704 2266 1022 2332 dinabitur
1063 2263 1464 2349 respublica,
1510 2283 1704 2347 quum
1748 2250 2112 2350 hujusmodi
2161 2267 2579 2352 ei-prospec-

703 2400 892 2453 turus
934 2398 1156 2451 custos
1194 2382 1324 2465 sit,
1367 2384 1479 2465 qui
1537 2384 1764 2448 horum
1812 2383 2091 2449 omnium
2138 2400 2345 2450 teneat
2385 2386 2582 2451 scien-

703 2503 883 2579 tiam.
915 2537 1007 2553 —
1054 2501 1148 2567 Ita
1183 2517 1440 2566 necesse
1471 2513 1594 2565 est.
1640 2497 1731 2559 (¹)
1772 2498 1950 2565 Patet
2006 2517 2085 2566 ex
2133 2500 2257 2565 hoc
2308 2499 2579 2566 Socratis

703 2636 1037 2699 sermone,
1104 2635 1295 2700 quare
1341 2633 1479 2695 ,tam
1536 2616 1869 2702 diligenter
1918 2618 2098 2683 Plato
2138 2619 2440 2699 tantaque
2473 2639 2582 2685 su·

663 2785 672 2791 .
706 2735 1021 2803 blimitate
1060 2736 1140 2802 de
1170 2753 1292 2814 e0,
1332 2734 1509 2816 quod
1549 2733 1768 2800 bonum
1814 2747 1951 2814 est,
1991 2734 2068 2800 de
2103 2735 2228 2799 hoc
2271 2739 2582 2817 maximo,

709 2856 886 2939 quod
933 2868 1164 2936 vocat,
1223 2857 1583 2938 μαθήματι,
1652 2849 1874 2934 egerit.
1964 2851 2067 2916 Ad
2122 2849 2425 2918 rationem
2472 2872 2586 2917 au-

706 2992 830 3042 tem
886 2972 1352 3050 declarandam,
1423 2969 1802 3054 singularem
1871 2967 2035 3033 illam
2092 2965 2268 3050 fere,
2343 2988 2466 3050 qua
2507 2970 2586 3034 de

708 3110 787 3161 eo
832 3091 1005 3177 egit,
1043 3104 1240 3156 totam
1281 3088 1384 3154 hic
1431 3085 1644 3153 animo
1684 3085 2055 3169 philosophi
2119 3086 2198 3153 de
2250 3086 2471 3170 pulcro
2520 3101 2586 3153 et

708 3211 885 3285 bono
946 3205 1296 3273 doctrinam
1350 3204 1728 3271 recolamus.
2664 3178 2679 3199 ⁸

793 3327 966 3393 Haec
1003 3324 1112 3392 ille
1146 3341 1350 3388 rerum
1385 3322 1665 3405 exempla
1708 3338 1859 3405 prae
1891 3318 2156 3387 caeteris
2190 3320 2488 3387 omnibus
2520 3319 2585 3386 in

703 3442 963 3526 scriptis
1001 3442 1135 3507 suis
1174 3439 1517 3506 celebravit
1555 3438 1854 3505 maxime:
1885 3439 2184 3527 pulcrum
2222 3438 2587 3505 inPhaedro

705 3573 772 3626 et
792 3559 1172 3643 Symposio,
1201 3557 1267 3623 in
1296 3548 1394 3624 his
1428 3558 1507 3623 de
1529 3556 1883 3638 Republica
1918 3555 2096 3622 libris
2135 3569 2198 3623 et
2239 3556 2307 3622 in
2325 3555 2588 3623 Timaeo

591 3674 600 3680 “
699 3678 926 3743 bonum
947 3701 975 3758 ,·
996 3690 1339 3757 utrumque
1359 3689 1568 3741 autem
1603 3673 1840 3759 dispari
1873 3675 2137 3741 ratione.
2226 3673 2397 3741 Nam
2434 3672 2594 3740 illud

711 3795 794 3864 ita
845 3793 1157 3875 laudavit,
1204 3807 1320 3875 ut,
1366 3793 1584 3877 prouti
1618 3811 1812 3877 supra
1849 3791 2038 3860 nobis
2079 3791 2325 3877 patuit,
2365 3789 2593 3876 poesin

787 3960 799 3971 .
2449 3925 2595 3973 ora-

782 4049 865 4119 (ι)
905 4046 991 4100 De
1026 4045 1162 4115 Περ.
1198 4044 1302 4101 VI.
1337 4044 1465 4103 60⁵.
1501 4045 1578 4100 D.
1611 4036 1835 4103 ..4⁵06-
1868 4046 1941 4102 A·
