2900 4817
1091 449 1310 516 ····.75
1350 465 1440 501 ⁸-

332 621 479 689 tiam
537 618 759 687 attinet
777 663 806 699 ,Ν
867 613 1184 700 quaesivit
1207 661 1232 697 ,
1299 614 1457 697 quid
1525 615 1593 683 in
1651 611 1933 683 veritatis
1990 613 2204 683 studio

332 753 650 807 summum
711 746 932 815 esset,
976 732 1157 801 abest
1216 750 1370 799 vero
1404 735 1851 821 .1nultum‚,ut
1893 732 2051 799 illud
2088 731 2211 801 sibi

332 854 622 938 attigisse
661 852 841 925 visus
902 850 1012 920 sit.
1097 851 1195 919 Ut
1254 868 1388 919 eam
1440 850 1519 917 ab
1572 849 1758 919 initio
1810 848 2211 921 adumbravit

339 971 696 1041 universam
715 1015 740 1051 ,
805 967 1105 1053 subjicite
1217 973 1311 1045 τίς
1391 975 1505 1053 μὲν
1595 968 1692 1043 οὖν
1760 974 1799 1051 ἦ
1861 971 2046 1061 φύσις
2103 978 2213 1051 τῆς

339 1095 384 1179 ζ
399 1091 725 1201 ›ra-qva&
752 1114 893 1166 vnc
946 1090 1287 1173 ἕπεςήμης,
1349 1089 1600 1173 εἴρηται.
1666 1087 1761 1151 (¹)
1857 1084 2221 1174 Quaerebat

337 1205 666 1277 scientiam
716 1203 884 1272 illam
906 1249 931 1285 ‚
1017 1221 1149 1273 non
1220 1203 1552 1273 tractabat.
1652 1203 1831 1271 Fecit
1906 1205 2169 1275 omnino
2191 1254 2218 1291 ,

340 1323 518 1407 quod
577 1323 731 1391 item
798 1321 1155 1403 socratici,
1245 1321 1422 1405 quod
1492 1321 1855 1408 xenophon
1913 1337 1979 1391 et
2034 1300 2219 1395 Plato

337 1439 619 1513 fecerant
642 1489 667 1522 ‚
713 1459 913 1523 quum
954 1437 1298 1525 perfectam
1357 1438 1422 1505 hi
1485 1436 1908 1509 monarchiam
1944 1458 2016 1507 ac
2060 1459 2223 1509 rem·-

337 1557 658 1651 publicam
714 1557 1180 1627 describerent:
1272 1555 1364 1623 sic
1425 1556 1534 1622 ille
1598 1556 1925 1625 scientiam
1950 1605 1976 1641 ,
2062 1577 2226 1643 quse

344 1673 818 1769 mathematicae
842 1721 868 1757 ‚
912 1691 1075 1759 quae
1134 1673 1432 1757 physicae
1456 1720 1480 1757 ‚
1541 1692 1704 1758 quae
1743 1673 2009 1742 caeteris
2045 1694 2226 1759 prae-
2320 1704 2325 1709 ·

333 1805 540 1871 ‚staret
601 1789 902 1859 omnibus
957 1811 1103 1857 cum
1151 1790 1466 1873 quaesivit
1487 1842 1507 1870 ‚
1552 1806 1684 1859 tum
1737 1791 1804 1858 in
1855 1812 2051 1881 opere
2086 1798 2219 1880 περὶ

353 1918 471 1981 τῶν
513 1912 684 1993 μετὰ
727 1913 812 1982 τὰ
851 1913 1092 1995 Φυσικὰ
1132 1909 1527 1977 adumbravit
1570 1928 1643 1977 ac
1690 1910 2049 1996 descripsit.

438 2025 569 2095 Sed
643 2025 934 2109 quamvis
1004 2026 1082 2091 ab
1151 2028 1514 2113 usurpanda
1581 2029 2030 2111 tractandaque
2109 2028 2225 2097 hac

350 2142 570 2213 divina
628 2142 896 2211 scientia
969 2144 1343 2212 abstinuerit
1415 2144 1845 2227 Aristoteles,
1933 2148 2025 2215 sic
2088 2145 2229 2231 ipse

352 2260 491 2343 eius
552 2260 891 2342 splendore
950 2276 1176 2344 captus
1247 2276 1312 2327 et
1376 2277 1759 2329 occoecatus
1814 2261 2024 2331 ‘ferme
2084 2279 2231 2347 est,

354 2389 431 2443 ut
488 2374 683 2443 ullius
752 2376 860 2443 vix
924 2377 1293 2463 philosophi
1352 2378 1433 2446 de
1484 2379 1672 2444 rebus
1727 2379 2232 2465 intelligibilibus

352 2495 729 2565 sententiam
804 2495 1194 2591 perspiceret
1269 2513 1478 2578 recte,
1566 2497 1793 2581 placita
1858 2514 2031 2567 certe
2085 2519 2231 2589 cum

352 2626 791 2694 caeterorum,
834 2626 968 2679 tum
1030 2613 1237 2696 ipsius
1285 2615 1443 2681 adeo
1497 2615 1780 2698 magistri
1834 2616 1936 2682 sui
1995 2618 2073 2683 ad
2119 2618 2241 2685 hu·

352 2731 459 2814 jus
521 2728 823 2797 scientiae
872 2747 1155 2799 normam
1215 2732 1755 2817 interpretaretur.
1834 2734 2007 2801 Nam
2072 2736 2238 2805 idem

359 2864 723 2914 caussarum
786 2846 1311 2929 exquirendarum
1372 2848 1653 2916 studium
1678 2896 1702 2929 ,
1765 2851 1945 2932 quod
2002 2851 2239 2918 Ionicis

359 2963 769 3049 philosophis
836 2983 908 3030 ac
978 2963 1318 3047 Leucippo
1377 2979 1442 3029 et
1501 2965 1875 3032 Democrito
1937 2968 2243 3037 attribue-

364 3096 503 3165 rat,
545 3082 964 3169 Pythagoreis
1013 3082 1246 3166 pariter
1283 3097 1476 3165 atque
1526 3084 1827 3151 Eleaticis
1855 3131 1883 3167 ‚
1925 3085 2052 3153 imo
2105 3088 2243 3157 Pla-

366 3198 508 3265 toni
549 3198 884 3267 obtrusit:
936 3199 1122 3283 quasi
1168 3205 1442 3267 numeris
1479 3200 1571 3269 illi
1622 3203 2017 3287 placitisque
2041 3207 2124 3274 de
2160 3226 2239 3275 eo

373 3315 551 3401 quod
613 3331 705 3385 est
721 3363 747 3399 ‚
790 3330 857 3384 et
901 3318 1082 3401 quasi
1120 3317 1274 3385 ideis
1332 3320 1512 3393 Plato
1570 3340 1777 3389 rerum
1826 3341 2077 3391 caussas
2119 3325 2249 3415 sig-

368 3432 729 3503 nificassett
778 3434 955 3517 quod
996 3436 1426 3505 demonstrare
1469 3456 1760 3507 accurate
1772 3489 1809 3523 ‚‚
1843 3441 2129 3511 adductis
2160 3463 2241 3514 ex

368 3551 519 3649 ipso
570 3551 834 3621 Platone
892 3552 1051 3619 locis
1071 3603 1094 3632 ,
1136 3552 1204 3621 in
1245 3555 1466 3651 eodem
1519 3556 1645 3621 hoc
1685 3557 1769 3625 de
1803 3560 2244 3648 Mclaephyslcd

372 3687 567 3755 opere
618 3683 886 3737 conatus
941 3685 1042 3738 est
1084 3672 1201 3740 (2).
1306 3671 1524 3741 Simile
1576 3676 2041 3767 quodammodo
2097 3696 2246 3749 ante

370 3788 784 3858 Aristotelem
834 3789 1215 3876 Protagorae
1272 3791 1603 3877 negotium
1656 3790 1863 3863 fuerat
1882 3844 1912 3881 2
1988 3798 2101 3887 qui
2152 3798 2246 3887 sic

2126 3913 2248 3984 So·

451 4039 535 4113 (ι)
575 4043 746 4099 ari-t.
778 4041 1023 4115 Metapa.
1061 4045 1110 4099 1.
1144 4045 1196 4100 6.
1327 4032 1617 4118 (2).1..'1=.
1640 4067 1709 4118 p.
1741 4065 1833 4129 m.
1866 4062 1961 4107 m.
1986 4049 2076 4107 ιε.
