2900 4817
1000 498 1396 567 ..125-

237 665 422 730 0alios
477 651 708 733 docere
761 679 1261 749 verumpotest.
1305 699 1399 719 —
1439 661 1626 730 Haud
1665 676 1825 733 sane'
1855 678 1951 734 est
1989 653 2147 738 con-

260 783 657 850 sentaneum.
741 816 837 835 -
920 781 1166 848 Hortos
1244 781 1499 865 quidem
1558 780 1874 848 literarum
1897 826 1922 862 ‚
2009 782 2146 848 ludi

260 917 487 967 caussa
515 946 538 980 ,
587 916 663 966 ut
708 901 1004 980 videtur,
1050 905 1259 983 seret-2
1275 913 1466 981 atque
1505 899 1781 982 scribet;
1827 902 1941 967 sed
1980 902 2175 967 mul--

261 1023 335 1080 to
392 1014 459 1082 in
527 1014 633 1082 his
679 1021 818 1084 mea
859 1016 1170 1083 sententia
1231 1017 1600 1100 praeclarius
1659 1033 1758 1084 est
1818 1017 2141 1099 studium,

261 1131 376 1197 ubi
429 1133 581 1216 quis
643 1148 778 1200 arte
834 1132 1153 1199 dialectica
1210 1147 1438 1214 utens,
1524 1131 1844 1218 ingenium
1920 1149 2143 1203 nactus

265 1247 566 1317 idoneum
600 1297 624 1331 ‚
666 1268 987 1316 sermones
1042 1268 1184 1315 cum
1235 1249 1494 1352 scientia
1547 1252 1789 1334 plantat
1839 1264 1901 1315 et
1956 1251 2144 1317 semi-

267 1382 376 1432 nat
397 1414 420 1448 ,
476 1375 528 1440 οἱ
578 1374 807 1445 ἑαυτοῖς
858 1372 942 1453 τῷ
997 1395 1070 1439 τε
1122 1370 1498 1453 <paredam-1
1558 1370 1790 1451 βοηθεῖν
1840 1345 2025 1437 ἱκανοὶ
2068 1394 2143 1438 τε

268 1489 371 1554 καὶ
426 1491 572 1570 οὐχι
639 1486 896 1568 ἄκαιρσὲοι
918 1535 938 1561 ,
1023 1487 1197 1555 ἀλλὰ
1260 1486 1504 1567 ἔχοντες
1572 1486 1849 1567 σπέρμα,
1913 1484 2025 1568 qui
2083 1497 2144 1551 et

267 1598 388 1664 sibi
427 1603 584 1687 ipsis
635 1612 696 1664 ot
747 1601 949 1665 satori
1002 1619 1108 1664 suo
1160 1593 1399 1681 afferro
1435 1611 1616 1686 -opcm
1670 1611 1928 1686 possunt
1950 1644 1974 1678 ‚
2037 1619 2148 1665 nec

252 1711 595 1798 fructibus
646 1713 933 1780 destituti
971 1727 1117 1779 sunt
1175 1727 1236 1779 et
1279 1716 1516 1779 semina
1575 1711 1870 1780 reddunt.
1966 1716 2149 1786 Ὅθεν

270 1832 453 1903 ἄλλοι
513 1825 596 1901 ἐν’
636 1837 846 1907 ἄλλαῖς
905 1834 1062 1910 ἤθεσι
1125 1834 1406 1915 <puduerat
1470 1838 1635 1901 τοῦτ’
1688 1833 1785 1900 ἀεὶ
1854 1833 2153 1901 ἀθάνατον

274 1951 575 2033 παρέχειν
620 1950 825 2020 ἱκανοὶ.
908 1946 1088 2013 Unde
1120 1949 1192 2011 in
1221 1947 1368 2014 aliis
1401 1950 1668 2033 ingenit‘s
1713 1948 1837 2013 alia·
1876 1967 2154 2014 crescens
2238 1999 2252 2022 .

251 2073 362 2142 με
422 2062 506 2128 ἑά
547 2083 686 2126 cum
741 2081 980 2127 summa
1027 2063 1345 2129 varietate
1404 2065 1478 2126 ln
1534 2078 1898 2150 perpetuum
1954 2081 2153 2152 prae-

257 2191 452 2259 stant
485 2225 506 2258 ,
552 2190 742 2260 atque
796 2196 939 2242 eum
997 2177 1110 2259 qui
1174 2176 1322 2243 haec
1375 2176 1560 2243 habet
1585 2181 1613 2259 ‚'
1669 2169 2097 2246 beatissimum
2120 2226 2148 2263 ,

277 2295 498 2376 quoad
549 2291 789 2360 homini
834 2294 977 2360 licet
1003 2341 1028 2375 ‚
1073 2291 1372 2367 efficiunt.

275 2443 282 2450 ·
367 2412 479 2479 Sic
564 2412 880 2477 Socratem
947 2410 1242 2477 inducere
1305 2412 1385 2477 de
1462 2430 1708 2478 summo
1782 2413 2153 2497 philosophi

265 2546 545 2610 <munere
629 2527 1033 2594 disserentem
1114 2546 1474 2613 germanum
1557 2531 1693 2616 ejus
1774 2524 2152 2616 discipulum

283 2645 588 2726 decebat,
633 2645 743 2728 qui
791 2644 1099 2727 quidquid
1145 2644 1483 2713 identidem
1518 2648 1604 2720 ab
1639 2647 1778 2714 aliis
1825 2648 2151 2732 suscepit,

159 2737 166 2746 ’
281 2765 361 2829 ad
420 2762 704 2849 magistri
751 2762 814 2828 id
858 2761 1226 2830 sententiam
1261 2763 1775 2830 accommodavit.
1862 2766 2105 2831 Dubito
2125 2810 2150 2844 ‚

285 2882 573 2968 magisne
633 2898 714 2946 ex
772 2880 872 2946 his
930 2879 1143 2947 verbis
1199 2879 1517 2947 Socratica
1571 2879 2017 2964 philosophia,
2075 2899 2152 2948 an

284 2998 572 3067 Platonis
639 2998 719 3066 de
779 2998 1092 3065 scribendi
1137 3011 1283 3071 „arte
1344 2997 1650 3064 sententia
1705 2997 1984 3064 ducenda
2047 3015 2158 3064 ex·-

277 3116 702 3203 -plicandaque
758 3117 883 3184 sit:
972 3116 1127 3183 illud
1183 3134 1314 3181 non
1372 3114 1633 3182 dubium
1656 3162 1681 3197 ,
1767 3113 1921 3197 quin
1942 3160 1967 3195 ,
2054 3113 2158 3188 his

292 3234 481 3304 lectis
520 3281 546 3316 ‚
655 3234 809 3316 quid
892 3236 972 3301 de
1045 3233 1412 3318 scriptionis
1486 3232 1654 3317 apud
1740 3250 1893 3300 -eum
1978 3231 2157 3298 vitu·

296 3352 481 3440 perio
513 3395 539 3432 ‚
625 3352 780 3434 quid
855 3352 935 3417 de
1007 3350 1195 3417 effato
1274 3350 1387 3415 illo
1424 3397 1450 3431 ‚
1535 3350 1710 3431 quod
1787 3350 1847 3416 ei
1932 3347 2158 3414 tribui-

297 3485 453 3552 tur,
543 3466 878 3548 absurde,
961 3478 1036 3531 ut
1113 3466 1405 3548 videtur,
1493 3482 1566 3531 se
1634 3462 1797 3529 nihil
1867 3464 2157 3548 scripsis-

297 3608 415 3670 se,
480 3603 646 3671 quae
707 3602 857 3650 vero
891 3581 1122 3666 'ipsius
1184 3581 1438 3648 nomine
1496 3580 1813 3647 ferrentur
1834 3627 1859 3662 ,
1943 3580 2168 3648 socra-

283 3705 385 3773 -tis
430 3723 573 3800 esse
593 3750 617 3784 ‚
684 3699 1160 3769 existimandum
1215 3699 1336 3780 sit,
1389 3712 1604 3782 pateat
1637 3699 1762 3783 jam
1826 3697 2013 3764 nobis
2068 3697 2163 3764 fa-

283 3820 552 3892 :emime-
891 3798 898 3804 ’

291 3971 300 3976 ·
389 3939 546 4006 Erat
586 3938 709 4005 hoc
767 3937 1012 4005 Socrati
1062 3936 1391 4023 proprium
1415 3982 1440 4018 ,
1524 3948 1601 4002 ut
1653 3932 1765 4002 vix
1817 3932 2159 4016 quidquam

290 4053 434 4148 ‘sibi
471 4053 914 4142 perficiendum
952 4054 1301 4150 susciperet
1317 4097 1344 4142 ‚
1384 4051 1712 4140 perflueret
1756 4053 1971 4118 autem
2024 4070 2162 4135 gm-

2033 4183 2165 4233 νιε-
