2900 4817
1435 437 1826 517 -164—

713 621 1076 691 methodum
1148 620 1342 685 homo
1400 631 1631 698 queat,
1719 619 2007 704 augurari
2058 618 2245 686 nobis
2298 632 2365 687 et
2417 622 2587 689 haud

723 740 858 806 sine
931 735 1370 822 probabilitate
1438 749 1807 819 exspectare
1864 737 2011 803 licet
2036 784 2060 819 ,
2142 736 2402 805 definire
2459 758 2595 806 non

719 857 910 937 licet3
957 866 1361 919 veruntamen
1413 852 1715 918 naturalis
1768 851 2218 938 philosophia,
2262 873 2424 936 quae
2476 857 2603 922 ho·

720 973 822 1040 dic
896 974 1027 1037 una
1101 970 1216 1035 hac
1291 966 1603 1052 analytica
1682 970 1924 1035 ratione
1962 983 2291 1037 tractatur
2318 1018 2344 1054 ,
2430 987 2596 1054 quot

719 1104 1123 1173 quantosque
1201 1088 1352 1154 inde
1422 1085 1670 1152 fructus
1743 1100 1807 1153 et
1883 1087 2022 1171 ipsa
2086 1089 2448 1172 ‘perceperit
2526 1105 2597 1158 et

720 1205 932 1290 generi
980 1206 1255 1273 humano
1315 1202 1755 1288 percipiendos
1825 1204 2224 1287 praebuerit,
2292 1206 2588 1273 scimusz

721 1324 1067 1406 eademque
1122 1337 1188 1390 et
1240 1324 1595 1406 exemplum
1653 1320 1841 1387 nobis
1885 1336 1983 1387 est
2006 1367 2031 1401 ,
2074 1323 2153 1388 ad
2189 1326 2368 1406 quod
2412 1324 2607 1391 theo·-

722 1436 974 1504 reticam
1019 1435 1506 1520 universamque
1553 1436 2023 1520 philosophiam
2086 1452 2464 1522 tractemus,
2524 1458 2593 1507 et

718 1574 874 1623 vero
929 1552 1417 1635 documentum,
1464 1573 1629 1638 quos
1680 1569 2085 1638 quantosque
2125 1555 2190 1621 in
2241 1557 2356 1622 hac
2410 1557 2593 1624 etiam
2638 1614 2655 1629 ,

721 1670 1098 1757 progressus
1162 1673 1359 1738 simus
1412 1671 1685 1753 facturi,
1731 1671 1836 1753 si,
1894 1675 2126 1757 rejecto
2181 1689 2591 1758 systematum

721 1789 1187 1854 condendorum
1245 1789 1517 1853 consilio
1542 1836 1566 1870 ,
1611 1807 1830 1854 verum
1879 1789 2058 1880 unice
2097 1793 2412 1857 cernendo
2447 1794 2597 1876 jun·
2650 1808 2665 1828 ²

723 1907 1092 1990 gendoque,
1158 1906 1232 1971 id,
1287 1919 1425 1986 est,
1506 1907 1817 1989 analytica
1880 1921 1947 1971 et
1996 1924 2143 1973 vere
2205 1908 2596 1992 phliosopha

716 2020 1075 2105 inquirendi
1137 2022 1417 2103 ratione,
1478 2024 1730 2106 assequi
1794 2026 2145 2092 studemus.
2236 2027 2360 2092 Sed
2415 2026 2594 2108 quic-

719 2136 872 2220 quid
934 2140 1047 2203 hac
1103 2138 1169 2201 in
1238 2156 1306 2204 re
1377 2138 1519 2205 sive
1578 2137 1815 2204 factum
1879 2141 2013 2206 sive
2087 2140 2442 2224 neglectum
2497 2153 2597 2205 est

718 2254 962 2336 adhuc,
1048 2248 1240 2338 hujus
1304 2253 1601 2321 effectum
1658 2258 1935 2322 methodi
2011 2257 2393 2339 praestantia
2447 2272 2593 2339 est,

716 2385 837 2455 ttt,
904 2391 1047 2439 cum
1097 2372 1278 2437 multi
1333 2373 1704 2456 philosophi
1748 2373 2125 2440 Socraticam
2178 2376 2593 2456 methodum,

718 2508 878 2570 quae
942 2492 1201 2572 proprie
1250 2491 1380 2569 sit,
1426 2490 1715 2575 ignorent
1741 2538 1764 2570 ‚
1820 2504 2251 2574 spernantque
2302 2491 2405 2556 alii
2456 2494 2593 2575 syl.

708 2605 1070 2691 logisticam
1141 2607 1579 2673 Aristoteleatn
1597 2654 1621 2688 ,
1708 2624 1925 2672 omnes
1999 2622 2208 2672 tamen
2292 2608 2596 2674 cernendi

712 2725 1145 2810 jungendique
1206 2743 1394 2793 artem
1414 2774 1439 2808 ,
1524 2725 1919 2810 analyticam⁴
1968 2724 2270 2791 rationem
2326 2740 2392 2791 et
2448 2745 2599 2810 pro-

707 2840 869 2909 bent
913 2844 1293 2925 laudentque
1336 2858 1400 2910 et
1456 2843 1521 2909 in
1570 2843 1786 2928 primis
1842 2843 1910 2909 in
1962 2841 2135 2908 omni
2173 2841 2595 2909 doctrinarum

718 2978 945 3046 genere
990 2962 1409 3044 usurpandam
1458 2960 1925 3026 commendent.

803 3079 930 3146 Sed
992 3079 1192 3144 adhuc
1256 3077 1526 3143 diximus
1595 3077 1674 3143 de
1727 3076 2112 3163 singularum
2173 3071 2393 3143 natura
2446 3096 2598 3144 usn·

717 3214 846 3280 que
908 3197 1348 3263 methodorum
1374 3239 1399 3276 ,
1461 3212 1723 3276 quarum
1780 3193 2147 3259 inventores
2204 3195 2600 3267 celebrantur

714 3315 1244 3399 philosophorum
1325 3313 1607 3378 omnium
1683 3311 1994 3377 triumviri
2080 3313 2595 3393 celebratissimi,

637 3460 648 3467 ·
722 3432 1014 3499 Socrates
1040 3481 1064 3514 ,
1125 3431 1304 3497 Plato
1330 3477 1354 3511 ,
1420 3429 1826 3497 Aristoteles.
1936 3429 2034 3496 Ut
2087 3432 2415 3516 proprium
2485 3426 2617 3497 υἰέ

721 3550 971 3627 quando
1019 3540 1372 3616 Platonicae
1428 3547 1782 3613 dialecticae
1820 3548 2253 3613 characterem
2295 3564 2596 3629 assequa-

714 3680 901 3742 mur,
988 3678 1119 3730 non
1171 3664 1612 3749 distinguenda
1675 3667 1827 3730 haec
1876 3679 2118 3731 tantum
2180 3664 2259 3728 ab
2326 3663 2595 3729 aliorum

716 3781 990 3848 inventis
1048 3794 1146 3846 est
1167 3828 1189 3862 ,
1235 3785 1350 3849 sed
1385 3783 1706 3848 attendere
1763 3782 1912 3848 item
1966 3783 2142 3847 decet
2164 3826 2189 3860 ,
2230 3796 2366 3860 quo
2417 3780 2595 3848 modo

721 3888 981 3983 quoque
1021 3905 1337 3987 proposito
1394 3899 1790 3983 usurpaverit
1838 3916 1969 3965 eam
2035 3898 2237 3965 Plato.
2324 3895 2597 3963 Utrum·

663 4084 676 4102 ,
716 4030 847 4104 que
901 4036 981 4084 eo
1021 4014 1267 4083 facilius
1327 4034 1781 4098 assequemur,
1820 4034 1949 4098 quo
2014 4013 2248 4083 rectius
2292 4013 2373 4081 ab
2414 4013 2615 4080 Aris-

2495 4142 2599 4193 to·
