2900 4817
732 611 863 694 'aeui
900 629 965 695 in
998 614 1337 715 puerorum
1383 632 1606 698 animis
1662 633 2036 715 suscitaret,
2076 636 2386 705 coelestu-
2425 646 2618 709 ntus&

738 764 875 812 cam
897 793 923 826 ,
1007 740 1233 814 artium
1314 748 1668 833 principem
1690 796 1718 833 ,
1799 733 2115 835 cujusque
2185 752 2329 838 ipse
2391 760 2611 837 'studio

739 864 969 930 ductus
990 912 1015 945 ,
1060 879 1133 930 ut
1177 864 1364 932 nobis
1430 867 1622 932 modo
1673 866 1876 950 patuit
1918 864 2027 949 (⁸³,
2069 888 2309 939 novum
2363 872 2611 942 dicendi

737 980 1179 1065 scribendique
1231 1001 1427 1067 genus
1471 983 1769 1050 induxit:
1814 983 1908 1050 sic
1953 983 2351 1054 dlalccticam
2407 1007 2444 1055 a
2491 989 2610 1057 So-

738 1114 910 1165 crate
969 1113 1282 1183 acceptam
1354 1119 1500 1167 eum
1561 1101 1625 1165 in
1685 1100 1942 1168 modum
1994 1113 2150 1168 cum
2196 1101 2564 1174 informavit
2582 1154 2609 1186 ,

732 1229 873 1282 tum
915 1215 993 1282 ad
1031 1216 1312 1283 veritatis
1352 1236 1622 1283 amorem
1671 1215 1739 1282 in
1775 1210 2122 1301 'puerorum
2173 1220 2394 1287 animis
2445 1223 2614 1290 alen·

702 1334 891 1423 ‘'dum
946 1333 1275 1417 adhibuit,
1317 1347 1391 1399 ut
1440 1351 1607 1400 nova
1661 1332 1980 1400 videretur
2003 1337 2248 1420 plane,
2309 1352 2482 1406 certe
2530 1341 2607 1407 ad

737 1452 942 1518 nullas
983 1468 1114 1518 non
1170 1451 1602 1535 provehendas
1643 1451 1957 1518 doctrinas
1980 1499 2005 1534 ,
2049 1451 2249 1535 ipsam
2289 1454 2608 1522 illustran-

733 1570 875 1637 dam
926 1556 1348 1652 tuendamque
1400 1567 1907 1652 philosophiam,
1951 1584 2077 1633 una
2119 1583 2289 1637 esset
2327 1573 2608 1638 omnium

732 1683 1182 1753 efficacissima.
1309 1683 1400 1751 Et
1462 1701 1615 1750 vero
1686 1684 1799 1750 hac
1852 1683 2017 1751 idem
2076 1684 2445 1771 disciplina,
2530 1705 2606 1756 ut

733 1803 992 1871 'caeteris
1039 1801 1184 1868 item
1236 1798 1634 1885 gravioribus
1655 1843 1682 1881 ,
1741 1798 1856 1866 sed
1911 1802 2024 1867 hac
2085 1818 2291 1870 tamen
2341 1800 2604 1888 potissi·

734 1936 907 1988 mum
931 1966 956 2002 ,
999 1919 1155 1986 illud
1196 1916 1587 1985 efficiendum
1627 1917 1874 1983 censuit
1925 1931 1991 1984 et
2034 1922 2356 2001 quomodo
2408 1920 2611 1989 effice·

606 2044 619 2055 ‘
735 2055 910 2107 retur
947 2018 1442 2119 demonstravit,
1507 2046 1581 2101 ut
1618 2033 1859 2101 animus
1914 2035 1994 2101 ab
2037 2035 2139 2103 his
2188 2037 2430 2104 umbris
2491 2036 2607 2105 fai·

730 2144 951 2241 §isque
988 2155 1122 2224 veri
1176 2153 1547 2239 speciebus,
1591 2152 1825 2235 quibus
1866 2153 2158 2220 delectari
2207 2156 2440 2239 vulgus
2487 2155 2603 2220 ho-

732 2274 972 2343 minum
1029 2271 1312 2340 videmus
1339 2317 1364 2353 ,
1424 2283 1851 2351 averteretur,
1914 2284 2222 2353 totusque
2269 2270 2350 2336 ad
2388 2270 2601 2355 ipsum

727 2396 945 2462 iterum
989 2368 1540 2473 contemplandum
1582 2388 1900 2469 rebusque
1939 2386 2262 2453 hominum
2308 2387 2609 2455 adhibens

729 2512 880 2577 dum
921 2520 1390 2575 converteretur
1410 2551 1436 2587 ,
1483 2504 1870 2587 omninoque
1907 2521 1946 2570 e
1977 2503 2215 2569 mundo
2251 2504 2376 2571 hoc
2420 2523 2603 2589 spec-

729 2623 904 2691 tabili
955 2622 1024 2690 in
1071 2641 1257 2704 eum,
1298 2621 1412 2704 qui
1447 2622 1588 2686 sola
1646 2633 1858 2687 mente
1910 2632 1975 2685 et
2015 2620 2405 2704 cogitatione
2461 2639 2604 2706 per-

668 2725 679 2735 ’
728 2740 960 2826 cipitur
984 2787 1010 2823 ,
1055 2746 1252 2821 νοητὸν
1290 2738 1557 2807 vocabat
1580 2782 1602 2819 ,
1647 2737 2046 2805 educet-etuti
2089 2758 2098 2765 ·

734 2866 751 2875 ’
809 2856 907 2955 Ut
947 2858 1115 2927 hunc
1167 2855 1373 2922 omnis
1409 2853 1852 2942 philosophiae
1902 2852 2090 2920 finem
2127 2867 2603 2939 assequeremur

724 2976 1059 3060 anquando
1082 3021 1108 3057 ,
1172 2973 1402 3042 versati
1450 2970 1563 3038 diu
1622 2972 1690 3037 in
1737 2969 2066 3056 principiis
2130 2990 2350 3041 sumus
2375 3020 2401 3056 ,
2464 2995 2599 3055 quo

721 3100 862 3164 vera·
921 3112 1231 3173 amorem,
1311 3089 1762 3173 principiorum
1812 3086 2092 3154 omnium
2141 3089 2219 3154 ad
2273 3091 2599 3158 veritatem

724 3210 1128 3297 indagandam
1169 3210 1360 3292 longe
1418 3206 1715 3289 princeps
1773 3220 1839 3273 et
1893 3205 2381 3273 efficacissimum
2402 3253 2428 3289 ,
2489 3226 2600 3275 ex·

723 3332 1110 3413 piot-aremus
1180 3324 1566 3409 diligentius·
1700 3323 2051 3392 Consecuti
2124 3338 2332 3390 autem
2393 3323 2541 3391 inde
2569 3373 2596 3407 ,

722 3447 997 3529 opinor,
1040 3457 1105 3510 et
1152 3428 1276 3508 hoc
1319 3460 1543 3507 sumus
1564 3486 1589 3522 ,
1631 3451 1752 3522 ut,
1797 3458 1961 3522 quae
2007 3440 2194 3506 nobis
2225 3444 2404 3507 'nunc
2446 3460 2600 3509 con-

719 3564 899 3628 tinuo
959 3561 1325 3644 exponenda
1376 3572 1529 3624 sunt
1580 3556 1720 3624 sive
1780 3557 1983 3624 officia
2033 3557 2173 3624 sive
2226 3558 2595 3626 adminicula

719 3681 854 3746 sive
902 3678 1106 3743 media
1127 3723 1152 3757 ,
1201 3694 1363 3760 quae
1394 3677 1589 3760 vuigo
1636 3673 1761 3741 dici
1793 3675 2039 3757 solent,
2082 3674 2159 3738 ad
2195 3672 2383 3741 finem
2416 3674 2592 3741 illum

720 3796 1147 3884 attingendum
1169 3842 1192 3875 ,
1237 3778 1291 3863 i.'
1333 3813 1392 3859 e.
1437 3792 1804 3876 disciplinae
1839 3793 2107 3876 majores
2154 3791 2595 3878 imprimisque

2439 3911 2541 3976 illa
2562 3956 2589 3993 ,

787 4051 870 4124 (ι)
910 4045 1042 4104 vol.
1080 4048 1158 4103 11.
1199 4045 1261 4100 1⁵.
1299 4046 1346 4100 1.
1382 4063 1439 4114 p.
1478 4046 1598 4101 248.
