2900 4817
1348 365 1648 458 .‘.,-24
1697 418 1775 435 ‚-

1393 590 1517 657 De
1577 591 1802 657 {deis
1895 555 1900 566 ’

1000 710 1091 775 in
1138 708 1709 796 philosophia
1772 706 2197 778 Platonls.

659 911 665 918 ’
756 908 1123 976 verecunde
1154 905 1624 993 prudenterque
1655 912 1866 990 Plato,
1909 925 1981 977 ut
2022 912 2332 996 vidimus,
2371 915 2550 982 hanc:

669 1025 937 1093 hominis
992 1025 1059 1092 in
1118 1027 1416 1093 mundum
1474 1027 1927 1112 intelligibilem
1964 1030 2391 1097 escensionem
2423 1034 2548 1098 des

665 1146 897 1210 clame
931 1139 1231 1209 instituit.
1319 1149 1468 1221 Θεὸς
1528 1149 1591 1215 δέ
1646 1171 1759 1215 που
1813 1142 2002 1223 οἶδεν.
2067 1145 2204 1228 ait,
2272 1152 2324 1217 εἰ
2374 1151 2527 1228 dm·

674 1264 775 1339 δὺς
823 1259 982 1331 obera·
1026 1261 1357 1344 mxalven
1400 1265 1484 1330 τὰ
1536 1263 1590 1330 δ’
1642 1261 1737 1330 οὖν
1802 1263 1929 1342 ἐμοὶ
1974 1261 2310 1347 φαινόμενα
2375 1261 2525 1333 οὕτω

672 1382 957 1464 φαίνεται
1001 1375 1090 1441 (¹).
1195 1375 1398 1462 Quam
1469 1375 1854 1458 prudentiam
1921 1375 2042 1442 nisi
2101 1377 2333 1460 pariter
2385 1396 2546 1444 cum·

670 1494 773 1561 his
799 1487 1203 1578 'explicandis
1229 1537 1254 1573 ,
1299 1507 1430 1558 tum
1496 1491 1560 1556 in
1626 1490 1844 1586 primis
1898 1492 2170 1561 idearum
2224 1487 2536 1578 perquisi-

670 1612 836 1678 tioni
893 1610 1245 1678 adhibuerit
1310 1610 1616 1692 interpres
1643 1656 1665 1690 ,
1755 1612 1941 1693 longe
2014 1611 2068 1676 is
2145 1610 2439 1692 profecto
2490 1632 2544 1679 a·

666 1728 944 1797 Platonis
981 1744 1189 1794 mente
1237 1740 1301 1791 et
1343 1726 1614 1792 consilio
1650 1727 1981 1793 aberrabit.
2068 1728 2549 1816 Quaesiverunt·

675 1844 844 1911 omni
898 1862 1057 1910 aevo
1118 1842 1488 1927 philosophi
1529 1844 1608 1908 de
1648 1844 1802 1912 ideis
1850 1845 2172 1930 Platonis,
2233 1865 2530 1928 quaenam

675 1958 940 2025 maxime
991 1970 1249 2036 essent,
1293 1957 1499 2042 ipsine
1564 1975 1775 2025 essent
1829 1961 2070 2027 homini
2120 1963 2410 2047 propriae
2439 1963 2540 2029 in..

674 2091 1028 2159 nataeque,
1111 2093 1189 2141 an
1248 2089 1418 2141 extra
1470 2094 1613 2142 eum
1672 2075 1954 2158 positae:
2041 2077 2098 2142 si
2154 2094 2326 2145 extra
2392 2099 2536 2147 eum

674 2203 928 2274 essent,
973 2193 1080 2259 ubi
1136 2193 1378 2258 tandem
1423 2194 1706 2258 locorum
1757 2193 2272 2277 conspicerentur
2297 2242 2321 2278 ,
2364 2195 2536 2263 simi-

677 2313 758 2378 lia
816 2311 968 2378 aliar
1060 2328 1220 2393 quae
1294 2310 1385 2375 sic
1466 2309 1772 2393 explicare
1844 2312 2028 2382 multi
2105 2314 2486 2381 studuerunt
2508 2343 2542 2399 ,-

686 2427 874 2511 quasi
933 2428 1073 2511 ipse
1120 2446 1190 2493 ea
1250 2427 1428 2493 Plato
1493 2442 1555 2493 et
1599 2431 1785 2512 plane
1838 2429 2162 2496 habuisset
2216 2446 2541 2516 perspecta

678 2560 745 2613 ct
793 2546 978 2628 plene
1027 2543 1331 2627 explicare
1369 2544 1713 2628 potuisset.
1798 2545 1869 2611 Id
1904 2546 1960 2611 si
1997 2547 2359 2631 potuisset,
2403 2568 2533 2616 non

676 2679 830 2729 sane
886 2679 1041 2728 usus
1099 2659 1204 2725 ille
1260 2659 1675 2745 imaginibus,
1721 2677 1792 2727 ut
1853 2664 2003 2730 haec
2065 2680 2164 2731 est
2204 2668 2539 2748 spelunoee

680 2780 930 2864 imago,
997 2777 1061 2843 in
1116 2776 1194 2842 iis
1251 2778 1633 2861 explicandis
1688 2776 1965 2862 fuisset,
2030 2781 2139 2847 sed
2183 2783 2404 2866 paucis
2461 2804 2533 2852 ea

680 2896 893 2964 verbis
918 2942 943 2977 ,
986 2896 1121 2962 sine
1161 2894 1305 2960 ullis
1344 2896 1749 2980 ambagibus,
1795 2897 2188 2966 declarasset.
2274 2901 2392 2968 Ille
2429 2920 2541 2970 ve·

682 3033 759 3081 ro
804 3014 885 3081 de
923 3013 1111 3080 rebus
1159 3012 1330 3078 hisce
1382 3012 1760 3079 sublimibus
1784 3061 1806 3096 ,
1869 3034 2029 3097 quae
2068 3015 2291 3101 optimi
2329 3019 2542 3104 cujus·

682 3150 815 3217 que
867 3129 1235 3216 philosophi
1295 3129 1453 3195 ratio
1489 3146 1588 3195 est
1615 3177 1638 3205 ,
1681 3131 1985 3215 suspicari
2020 3134 2215 3200 multa
2256 3147 2321 3200 et
2359 3135 2541 3217 quasi

680 3248 970 3335 augurari
994 3295 1016 3330 ,
1093 3245 1409 3313 vaticinari
1477 3247 1718 3313 solebat
1745 3294 1769 3327 ‚
1836 3268 1997 3331 quae
2056 3247 2540 3336 argumentando

683 3364 1091 3435 demonstrari
1118 3411 1142 3444 ‚
1228 3376 1302 3428 ut
1348 3363 1925 3432 mathematicorum
1986 3365 2239 3434 inventa
2262 3415 2289 3450 ‚
2364 3369 2540 3435 nullo

687 3482 880 3549 modo
943 3493 1233 3566 possent.
1362 3478 1434 3543 In
1498 3478 1596 3544 his
1647 3499 1792 3546 cum
1848 3493 2087 3548 caetera
2147 3482 2352 3548 omnia
2399 3501 2544 3551 cen·

684 3597 880 3673 senda
946 3610 1139 3678 sunt,
1224 3615 1381 3677 quae
1439 3596 1520 3662 de
1584 3597 1846 3666 mundo
1875 3602 2058 3685 νοητῷ
2115 3612 2327 3666 mente
2375 3618 2544 3666 eom·

684 3716 911 3804 plexus
976 3728 1122 3793 est,
1208 3727 1340 3782 tum
1409 3713 1713 3796 maxime,
1802 3733 1964 3797 quae
2010 3714 2179 3782 ideas
2236 3730 2543 3801 spectant.

1308 3837 1320 3851 ·
2421 3831 2552 3907 Ve-

757 3968 841 4053 (ι)
880 3966 967 4026 De
998 3966 1130 4036 ch.
1167 3963 1305 4024 vn.
1335 3966 1459 4039 517.
1495 3967 1558 4027 Β,
