2900 4817
1055 487 1443 568 ...169⁶-

311 671 558 743 dltione
590 669 737 737 baec
772 667 956 734 ratio·
1044 667 1243 753 Quod
1284 668 1430 751 quis
1469 658 1890 756 eitcogitavit‚
1937 670 1995 735 id
2032 684 2183 754 post

317 806 459 855 eum
502 784 760 852 maxime
804 800 866 851 et
927 783 1251 851 factitatur
1290 799 1355 852 et
1414 806 1538 869 qua
1574 788 1699 881 late
1732 800 1903 871 patet
1944 787 2008 850 in
2056 805 2189 850 om·

318 922 432 971 nes
482 922 582 970 res
639 903 1013 987 applicatur.
1123 903 1424 969 Fructum
1484 921 1563 970 ex
1632 904 1907 970 inventis
1950 876 2190 986 posteri

318 1021 671 1088 uberiorem
733 1018 903 1099 fere,
972 1038 1156 1102 quam
1214 1022 1505 1102 aequales
1538 1066 1563 1100 ,
1606 1020 1882 1101 capiunt.
1971 1027 2059 1091 Et
2101 1019 2192 1092 sie

319 1138 574 1221 quidem
653 1138 830 1204 Plato
881 1156 1027 1203 cum
1088 1135 1389 1201 methodo
1453 1135 1592 1218 ipse
1642 1141 1762 1201 sua
1816 1138 2193 1206 Socra-ticam

319 1257 686 1340 complexus
711 1301 735 1335 ‚
782 1273 948 1336 quae
1009 1251 1492 1336 interrogandO,
1539 1252 1880 1334 eliciendo,
1928 1276 2196 1342 purgan-

320 1373 405 1439 do
444 1374 520 1438 ad
575 1370 829 1455 penitus
885 1368 1295 1435 excolendum
1363 1367 1942 1454 perficiendumque
1998 1376 2201 1439 homi:

319 1508 466 1556 nem
517 1488 796 1567 valeret,
835 1502 965 1551 eam
1006 1485 1216 1551 animo
1254 1485 1551 1569 concepit
1577 1534 1600 1567 ,
1647 1486 2107 1572 scribendoque
2138 1496 2203 1557 et⁸

325 1602 637 1688 expressit
692 1617 755 1669 et
789 1603 1119 1687 usurpavit
1172 1603 1597 1683 dialecticam,
1667 1622 1827 1686 quae
1866 1619 1989 1671 tam
2033 1624 2203 1674 esset

322 1721 398 1791 ad
453 1739 701 1787 omnem
767 1720 1210 1788 humanitatem
1257 1718 1630 1802 fructuosa,
1679 1740 1865 1802 quam
1917 1722 1991 1788 ad
2035 1723 2207 1791 inve-

324 1839 623 1906 niendum
655 1885 679 1920 ‚
705 1839 792 1917 ⁴ad
822 1852 984 1904 artes
1019 1836 1466 1919 doctrinasque
1504 1852 1570 1903 et
1600 1839 2037 1905 discernendas
2079 1860 2209 1907 rec-

321 1969 392 2022 te
419 1970 512 2023 et
579 1957 926 2025 tractandas
989 1969 1135 2038 apta
1190 1967 1255 2022 et
1324 1954 1564 2023 efficax.
1670 1957 1807 2023 Hac
1870 1959 2155 2026 ubertate
2179 2009 2203 2044 ,

323 2072 440 2139 hac
490 2074 570 2139 ad
615 2091 720 2139 res
777 2090 995 2138 omnes
1044 2073 1345 2139 humanas
1413 2088 1587 2139 recte
1643 2074 2078 2157 provehendas
2144 2078 2211 2145 vi

323 2204 392 2257 et
446 2191 805 2257 efficacitate
857 2190 1128 2273 insignis
1186 2204 1284 2254 est
1337 2190 1500 2255 ratio
1548 2190 1653 2256 illa
1708 2193 2018 2273 PlatoniS‚
2103 2210 2210 2260 ex-

319 2307 622 2387 cellitque
678 2311 866 2391 longe
915 2305 1265 2389 disciplinis
1324 2308 1611 2388 cunctis,
1674 2327 1829 2389 quae
1878 2311 2018 2375 sive
2086 2310 2215 2376 dia-

321 2424 580 2491 lecticae
632 2423 770 2491 sive
821 2424 1064 2509 logicae
1105 2424 1366 2490 nomine
1419 2416 1603 2508 apud'
1647 2426 2024 2492 recentiores
2062 2446 2215 2510 pro-

323 2539 595 2611 dierunt.
687 2544 792 2609 Ad
853 2540 1201 2610 acuendum
1255 2543 1374 2609 hae
1433 2543 1754 2628 ingenium
1800 2541 1975 2627 fere,
2039 2564 2215 2628 prae-

323 2663 672 2745 sertimque
714 2664 793 2728 ad
832 2663 1200 2746 disputandi
1248 2680 1443 2728 artem
1485 2662 1910 2729 instruendam
1959 2664 2212 2745 valent,

325 2780 513 2847 animi
566 2797 792 2845 sensus
856 2793 919 2843 et
959 2779 1164 2844 studia
1233 2778 1340 2842 vix
1388 2779 1731 2861 attingunt.

413 2895 800 2963 Praeclarum
870 2896 994 2959 hoc
1071 2912 1221 2959 sane
1261 2909 1376 2959 ·est
1441 2893 1801 2960 dialecticae
1864 2896 2219 2963 Platonicae

329 3013 781 3099 propositum3
850 3013 963 3079 sed
1043 3014 1166 3078 hoc
1228 3011 1789 3079 animadvertamus
1851 3014 2217 3097 praecipue·

328 3131 503 3198 Idem
542 3146 643 3199 est
699 3129 857 3197 illud
895 3149 1027 3212 quo
1070 3143 1346 3195 caeteras
1390 3129 1540 3196 item
1578 3129 1937 3213 disciplinas
1957 3177 1980 3212 ,
2027 3131 2219 3197 arith-

332 3247 616 3313 meticam
639 3294 662 3328 ,
714 3247 1112 3331 geometriam
1134 3293 1160 3328 ‚
1205 3247 1655 3313 astronomiam
1726 3250 2023 3315 colendas
2058 3251 2227 3334 judi*-

329 3362 499 3427 cavit
520 3408 544 3442 ,
609 3380 741 3446 quo
799 3363 1036 3428 scilicet
1094 3364 1291 3447 magis
1343 3366 1420 3429 ad
1476 3367 1809 3432 veritatem
1867 3368 2045 3449 quasi
2104 3382 2223 3433 tra-

335 3479 627 3545 heremur
652 3524 676 3559 ,
720 3496 982 3560 quoque
1038 3482 1430 3546 excoleretur
1489 3483 1687 3567 magis
1759 3498 1823 3549 et
1884 3485 2222 3566 aperiretur

338 3612 641 3681 organum
698 3594 858 3661 illud
928 3595 1152 3661 tuentis
1185 3644 1208 3678 ‚
1275 3617 1406 3680 quo
1441 3618 1597 3663 .uno
1673 3600 1903 3667 veritas
1953 3605 2227 3689 percipi-'-

335 3727 468 3780 tur.
556 3700 908 3780 Sublimem
979 3711 1258 3779 Platonis
1314 3714 1395 3780 de
1462 3717 1586 3781 hoc
1646 3717 2007 3804 disciplinae
2071 3742 2225 3805 pro-

340 3830 556 3914 posito
616 3829 992 3898 sententiam
1071 3831 1149 3897 ad
1204 3832 1382 3898 hunc
1452 3834 1661 3902 locum
1725 3839 2220 3922 reservavimus,

344 3960 421 4014 ut
476 3959 609 4013 tota
660 3960 725 4013 et
782 3947 1026 4017 Graece
1069 3964 1497 4032 apponeretur
1522 3999 1545 4035 ‚
1596 3954 1837 4040 quippe
1878 3956 1954 4020 ad
2009 3956 2233 4022 dialec-

332 4060 498 4133 ticae
541 4062 728 4134 finem
796 4067 1255 4151 assequendum
1332 4066 1400 4139 in
1454 4071 1671 4156 primis
1709 4072 2021 4141 idoneam.
2111 4074 2237 4141 Est

2164 4189 2240 4255 11.
