2900 4817
1507 487 1896 567 4166-

754 659 1145 745 Utro'nimne
1210 677 1402 764 igitur
1458 679 1526 746 in
1605 665 1867 749 numero
1942 657 2302 749 essentiam'
2337 655 2624 752 censes?

751 785 901 861 Hoc
962 795 1122 862 enim
1179 813 1349 862 nunc
1392 795 1658 864 maxime
1711 798 1838 866 illis
1890 778 2185 866 omnibus
2229 812 2634 885 consequens

753 895 878 1006 est.
918 941 1021 962 —
1077 914 1319 980 Eorum
1343 919 1392 995 ‚'
1434 927 1597 997 quae
1648 915 1896 985 animus
1949 915 2090 1000 ipse
2142 937 2256 1002 pet
2306 938 2377 985 se
2433 939 2626 1005 appe-

749 1023 857 1098 tit.
898 1066 998 1085 —
1038 1031 1192 1096 Non
1245 1029 1394 1096 item
1444 1030 1649 1100 simile
1709 1048 1772 1099 et
1808 1031 2153 1116 dissimile,
2198 1034 2358 1101 idem
2421 1052 2486 1103 et
2535 1037 2628 1103 a]-

747 1146 1005 1212 terum?
1046 1180 1142 1200 --
1180 1146 1351 1226 Haec
1389 1147 1564 1216 item.
1611 1177 1702 1202 --
1743 1149 1921 1236 Quid
1960 1170 2113 1218 vero
2136 1152 2183 1220 ἳ·
2212 1137 2501 1237 pulcrum
2556 1168 2636 1221 et·

739 1244 1055 1345 metrum,
1098 1264 1335 1329 bonum
1389 1278 1453 1331 et
1505 1266 1735 1332 malum
1760 1266 1795 1334 ’ἔ
1836 1301 1927 1320 -—
1965 1267 2054 1335 Et
2093 1269 2322 1338 horum
2363 1269 2616 1353 quidem

743 1375 1026 1450 omnium
1079 1372 1351 1447 maxime
1388 1357 1643 1448 videtur
1695 1382 1940 1451 animus
1982 1384 2314 1453 essentiam
2367 1406 2618 1472 compa-

736 1500 936 1568 rando
991 1501 1428 1581 considerare,
1495 1507 1791 1584 reputans
1834 1521 2048 1568 secum
2086 1505 2413 1586 praeterita
2439 1523 2614 1588 prae·

739 1595 1070 1700 sentiaque
1125 1631 1189 1682 et
1255 1629 1401 1682 cum
1453 1613 1691 1684 futuris
1761 1616 2124 1687 conferens.
2184 1653 2283 1676 —
2333 1623 2632 1690 Adverte‘·

737 1745 803 1801 et
856 1736 1021 1802 hoca
1084 1735 1172 1799 rei
1217 1736 1405 1800 durae
1454 1733 1747 1801 duritiem
1801 1754 1916 1819 per
1965 1751 2201 1804 tactum
2256 1738 2489 1805 sentiet
2544 1753 2612 1806 et

728 1833 945 1926 mollis
993 1851 1283 1919 similiter
1310 1871 1317 1878 ·
1344 1850 1722 1918 mollitiem?
1767 1886 1853 1906 —
1883 1854 1979 1920 Ita
2019 1870 2193 1921 sane.
2235 1892 2326 1908 —
2376 1855 2618 1922 Essen-'

729 1969 882 2039 tiam
916 1953 1135 2037 'autem
1195 1983 1259 2034 et
1313 1967 1469 2051 quid
1530 1967 1717 2035 ambo
1787 1969 1917 2035 sint
1983 1982 2394 2054 mutuamque
2452 1991 2617 2040 con-

726 2075 1101 2157 trarietatem
1165 2102 1227 2152 et
1293 2085 1495 2170 ipsius
1549 2086 2005 2153 contrarietatis
2077 2090 2410 2154 essentiam
2471 2089 2618 2173 ipse'

726 2187 975 2286 animus
1032 2208 1365 2291 explorans
1417 2220 1484 2271 et
1535 2222 1905 2288 comparans
1951 2203 2222 2271 invicem
2246 2253 2270 2287 ‚
2328 2204 2608 2291 judicate

724 2305 1048 2416 conaturi,
1087 2359 1183 2379 -
1242 2320 1550 2388 Omnino.
1596 2360 1685 2375 —
1742 2321 1978 2388 Nonne
2029 2321 2398 2422 hominibus
2454 2321 2614 2391 bru&

723 2429 945 2527 iisque
990 2435 1364 2507 'animalibus
1410 2442 1635 2507 natura
1697 2439 1910 2506 datum
1949 2447 2083 2521 es't,
2147 2454 2223 2506 ut
2268 2459 2601 2524 quaecum-

723 2551 851 2642 que
908 2549 1252 2639 ’πάθῆματω
1334 2576 1448 2639 per
1504 2574 1739 2640 corpus
1794 2559 1886 2623 ad
1948 2558 2222 2625 animum
2286 2562 2550 2627 tendunt
2569 2579 2602 2645 ‚¹

717 2673 931 2742 statim
992 2685 1182 2753 atque
1246 2669 1317 2737 in
1366 2672 1572 2737 lucem
1631 2671 2001 2755 prodierunt
2024 2719 2050 2755 ,
2121 2672 2440 2742 sentiantt
2499 2692 2600 2743 raa

611 2857 632 2887 ,
716 2790 1009 2861 tiocinari
1070 2808 1225 2857 vero
1293 2789 1371 2855 de
1435 2807 1653 2856 eorum
1712 2789 1981 2856 essentia
2030 2802 2095 2855 et
2168 2789 2474 2874 utilitate,
2528 2777 2602 2860 id

717 2897 831 2978 'vix
894 2895 1141 2975 tandem
1214 2909 1407 2988 longo
1465 2904 1770 2989 temporis
1841 2905 2171 2974 intervallo
2249 2907 2596 2992 frequenti·

714 3041 843 3113 que
905 3023 1121 3093 studio
1194 3042 1265 3091 ac
1339 3023 1675 3110 disciplina
1747 3022 1826 3089 iis
1902 3023 2218 3109 contingit
2253 3070 2281 3107 ‚
2352 3026 2599 3110 quibus

712 3143 967 3231 quidem
1021 3137 1391 3225 contingat?
1434 3176 1529 3195 --
1583 3141 1677 3207 lta
1727 3158 2033 3239 prorsus.-
2060 3175 2155 3197 --
2192 3141 2595 3229 Nerine-po-

711 3275 886 3346 test,
929 3276 1005 3328 ut
1026 3245 1033 3254 ’
1054 3257 1373 3326 veritatem
1426 3273 1800 3343 assequatur
1815 3261 1845 3341 '‚
1910 3259 2023 3343 qui
2074 3276 2210 3327 non
2258 3276 2591 3331 assecutus

711 3377 1045 3450 essentiam
1077 3378 1227 3445 est?
1268 3413 1359 3430 —
1396 3376 1554 3443 Non
1595 3390 1839 3459 potest.
1879 3414 1970 3431 —
1993 3359 2219 3463 'Cujus
2250 3391 2459 3445 autem
2495 3357 2592 3447 rei'

708 3496 857 3583 quis
917 3497 1243 3564 veritatem
1331 3510 1465 3561 non
1543 3492 1904 3575 assequitur
1927 3542 1953 3578 ,
2035 3496 2229 3581 hujus
2303 3515 2590 3584 unquam

702 3601 1027 3683 scientiam
1081 3609 1361 3679 habebit.
1396 3631 1490 3706 «ξ-
1511 3601 1665 3699 Quo
1702 3609 1768 3678 id
1817 3611 1955 3678 fie'ri
1983 3627 2175 3696 pacto
2214 3607 2587 3699 possiti—3

705 3732 781 3801 In
848 3729 931 3798 iis
989 3748 1150 3815 quae
1206 3729 1310 3796 cui
1374 3719 1705 3811 accidunt,
1768 3732 1834 3799 ἐν
1869 3741 1992 3809 τοῖς
2049 3729 2404 3818 revomuit,
2443 3748 2586 3800 non

703 3864 807 3920 est
868 3847 1164 3933 scientia;
1257 3861 1354 3916 eet
1418 3865 1572 3915 vero
1624 3844 1691 3912 in
1744 3844 2226 3916 ratiocinatione
2302 3851 2380 3918 de
2419 3846 2583 3920 illis.

674 3967 834 4040 ch
883 3966 1050 4035 enim
1105 3981 1181 4034 ut
1237 3978 1351 4050 par
1401 3979 1501 4034 est
1520 4010 1547 4048 ,
1600 3963 1933 4033 essentiam
1986 3966 2243 4051 assequi
2302 3980 2369 4034 et
2407 3963 2589 4037 veria·

698 4098 891 4158 tatem
946 4083 1136 4175 licet,
1175 4082 1244 4154 vi
1290 4081 1417 4151 illis
1459 4097 1594 4153 non
1637 4081 1815 4155 licet.
1861 4097 1961 4134 ··-
1981 4083 2117 4155 ‘Sic
2171 4083 2458 4156 videtin-.-
2489 4111 2585 4143 -

690 4197 699 4212 ⁴
866 4203 883 4228 ''
2405 4203 2588 4281 Num
