2900 4817
656 677 735 684 ”
826 671 1038 758 «Db
1097 689 1298 757 bont
1358 689 1619 773 raca,

408 809 820 918 ide‘atjum
880 810 1241 875 omnium
1292 809 1746 897 principe.
1830 808 2115 878 Estne

581 925 820 992 Deus
882 922 1060 989 illa
1123 924 1361 1013 apud
1417 921 1953 994 Platonem?

354 1165 359 1172 ·
407 1131 562 1220 Quo
597 1129 792 1214 magis
832 1129 908 1195 ab
970 1129 1110 1196 aliis
1153 1129 1561 1215 philosophis
1610 1131 1937 1198 Platonem
1982 1130 2208 1200 distin·

326 1248 623 1334 guimas,
665 1266 744 1313 eo
780 1246 1181 1330 procedimus
1219 1247 1409 1320 simul
1450 1248 1651 1333 magis
1692 1248 1762 1316 in
1797 1250 1935 1334 ejus
1973 1249 2210 1317 doctri-

324 1369 410 1434 na
443 1364 834 1450 explicanda.
881 1364 971 1430 Et
1006 1365 1100 1430 sic
1144 1365 1397 1447 quidem
1433 1378 1667 1448 sponte
1698 1366 1822 1449 jam
1857 1365 1933 1434 ad
1967 1372 2075 1446 τὴν
2103 1375 2212 1444 τοῦ

328 1489 567 1566 ἁγαθοῦ
613 1487 775 1555 ἰδέαν
801 1527 823 1562 ,
888 1481 967 1555 ad
1010 1481 1217 1564 ipsum
1271 1480 1309 1544 b
1335 1501 1575 1548 onum
1622 1480 2066 1562 escendimus,
2102 1501 2215 1548 cu-

323 1601 433 1687 ius
473 1598 737 1665 maxime
791 1601 1016 1664 caussa
1061 1598 1264 1663 omnis
1328 1598 1480 1664 haec
1532 1599 1719 1665 nobis
1770 1577 2065 1682 suscepta
2115 1615 2219 1680 est

333 1715 413 1782 de
444 1714 603 1781 ideis
641 1715 1028 1798 disquisitio,
1096 1716 1221 1781 Sed
1256 1717 1360 1782 hic
1385 1716 1717 1799 inprimis,
1751 1716 1815 1782 in
1844 1731 2215 1802 argumento

331 1845 459 1902 tam
498 1831 728 1899 illustri
761 1853 831 1899 ac
874 1832 1174 1913 sublimi,
1222 1833 1429 1916 ipsum
1479 1834 1802 1900 Platonem
1853 1834 2073 1901 ducem
2117 1852 2219 1900 se-

333 1969 626 2036 quamur.
682 1951 1027 2033 Postquam
1060 1951 1349 2017 Socrates
1388 1952 1555 2034 apud
1589 1969 1729 2019 eum
1778 1950 1843 2016 in
1882 1950 2102 2018 iisdem
2129 1950 2218 2028 ,de

335 2068 685 2156 Republica
726 2067 907 2142 libris
955 2066 1035 2133 de
1073 2067 1285 2149 specie
1329 2081 1394 2133 et
1449 2068 1757 2148 veritate,
1802 2067 1881 2134 de
1917 2068 2222 2151 opinione

337 2199 402 2255 et
441 2184 708 2252 seientia
765 2186 1032 2249 multum
1094 2183 1522 2263 disseruerat,
1578 2188 1746 2278 τᾷκον
1797 2203 1866 2249 se
1928 2185 2218 2256 daturum

337 2298 480 2367 bom·
517 2300 695 2367 dicit.
782 2298 1002 2382 Ipsum
1045 2297 1308 2377 bonum,
1355 2298 1562 2380 inquit
1588 2346 1613 2380 ‚
1657 2299 1814 2381 quid
1854 2299 1985 2382 sit,
2051 2319 2219 2367 nunc

341 2418 595 2501 quidem
634 2415 977 2482 mittamus.
1043 2414 1258 2498 Maius
1304 2416 1468 2481 enim
1509 2434 1651 2482 esse
1698 2416 1988 2500 videtur,
2015 2437 2220 2501 -quam

344 2534 521 2617 quod
576 2532 887 2618 praesenti
942 2532 1375 2615 disputatione
1434 2551 1759 2616 assequar.
1845 2534 2009 2601 Boni
2064 2554 2219 2605 vero

344 2652 560 2735 proles
585 2697 609 2731 ‚
654 2648 817 2733 patri
861 2647 1214 2728 simillima,
1259 2668 1561 2731 quaenam
1605 2668 1750 2718 esse
1788 2649 2120 2734 videatur,
2166 2652 2224 2719 si

347 2765 537 2833 vobis
570 2768 817 2848 placet,
856 2764 1057 2830 dicam
1085 2812 1109 2845 ,
1139 2763 1255 2830 'sin
1302 2766 1557 2846 minus,
1608 2765 1939 2839 dimittam.
1985 2804 2075 2820 —
2118 2765 2234 2852 Tu

348 2900 507 2951 vero
546 2881 651 2949 dic
676 2929 702 2963 ‚
766 2898 1049 2963 quaesoz
1114 2881 1239 2946 alio
1270 2867 1585 2964 'tempore
1627 2882 1820 2966 patris
1865 2885 2077 2950 solves
2123 2883 2233 2956 de-

348 3000 783 3085 scriptionem.
859 3035 953 3053 —
1023 2998 1269 3065 Vellem
1326 2998 1664 3080 equidem,
1710 3011 1782 3064 ut
1831 3017 1965 3067 eam
2023 2999 2228 3084 ipsam

351 3135 615 3201 possem
671 3116 911 3183 tradere
970 3134 1223 3198 vosque
1278 3117 1607 3199 accipere,
1652 3134 1778 3184 non
1804 3163 1827 3198 ‚
1874 3131 1947 3182 ut
2008 3136 2227 3199 nunc,

354 3235 601 3317 prolem
656 3247 948 3315 tantum3
994 3233 1106 3298 sed
1157 3231 1400 3298 foetum
1453 3235 1579 3317 jam
1629 3231 1832 3316 ipsius
1888 3233 2040 3300 boni
2083 3252 2236 3317 pro·

354 3350 611 3432 lemque
674 3348 980 3432 accipitet
1064 3366 1278 3415 cavete
1336 3364 1546 3415 autem
1572 3396 1596 3430 ‚
1666 3368 1749 3417 ne
1803 3369 1927 3417 vos
1986 3350 2229 3424 invitus

357 3464 657 3549 decipiam
680 3512 708 3548 ‚
790 3462 1007 3530 falsam
1067 3465 1255 3531 vobis
1327 3465 1439 3532 filii
1507 3465 1998 3550 descriptionem
2059 3470 2260 3544 exhi-1

356 3561 697 3652 bens.s-.-
754 3581 1137 3650 cavebimus
1192 3601 1310 3667 pro
1362 3582 1651 3664 viribus;
1698 3601 1916 3658 verum
1956 3583 2057 3649 dic
2100 3604 2236 3666 mo·

360 3705 473 3771 do·
534 3737 630 3755 -
683 3699 975 3781 Faciam,
1036 3699 1149 3765 ubi
1216 3699 1488 3784 primum
1538 3700 1721 3786 vobis
1769 3700 1833 3766 in
1875 3701 2233 3770 memoriam

359 3836 740 3888 revocavero
761 3863 786 3899 ‚
851 3833 1101 3899 vosque
1145 3814 1568 3902 probaveritis
1619 3829 1909 3900 mecum,
1953 3838 2114 3910 quae
2170 3833 2237 3886 et

363 3936 435 4006 in
482 3935 921 4019 superioribus
958 3947 1022 4001 et
1050 3932 1221 4000 alias‘
1246 3933 2111 4028 saepepumeroldictasunt.
2144 3967 2242 4000 ·-.-

368 4051 689 4136 Quaenam
742 4052 847 4130 illa
867 4049 902 4116 ‘3
942 4085 1036 4108 ·-
1074 4051 1297 4119 Pulcra
1337 4052 1534 4152 multa
1553 4098 1578 4135 ‚
1638 4053 1848 4146 multa·
1873 4051 2024 4146 item
2071 4052 2243 4124 bona

584 4193 593 4197 ·
2143 4181 2244 4236 ,εἰ
