2900 4817
1421 505 1515 528 ...-
1558 475 1642 558 56
1683 509 1770 526 ...-

669 649 902 738 trices,
947 654 1188 742 quippe
1225 668 1430 722 castae
1467 664 1886 737 severaeque‚
1932 670 2218 721 verentes
2262 652 2537 734 scilicet,

671 789 757 837 ne
804 789 919 854 per
976 772 1134 836 hanc
1183 786 1375 836 artem
1441 770 1511 836 in
1579 769 1873 836 lenocinii
1925 769 2309 854 vituperium
2385 769 2550 837 inci--

669 887 855 957 dant:
904 906 1280 970 quamquam
1336 881 1839 969 obstetricibus,
1904 906 2065 969 quae
2124 904 2271 953 vere
2319 885 2543 954 dicun·-

672 1017 815 1085 tur‚
881 1004 1037 1070 solis
1088 1005 1237 1071 item
1280 1003 1582 1086 convenit
1638 1022 1832 1070 mares
1877 1002 2316 1089 foeminasque
2372 1018 2543 1071 recte

663 1121 908 1208 jugare.
951 1160 1043 1178 --
1079 1121 1284 1189 Patet.
1328 1156 1424 1176 —
1479 1121 1911 1190 obstetricum
1964 1123 2161 1209 igitur
2217 1123 2560 1207 negotium·

668 1251 913 1304 tantum
973 1252 1111 1320 est3
1154 1237 1364 1305 minus
1401 1257 1602 1320 ver0,
1647 1259 1835 1322 quam
1877 1258 2110 1312 meum.
2198 1240 2364 1307 Nam
2405 1261 2543 1306 mu-

664 1353 929 1421 lieribus
970 1372 1103 1420 non
1137 1354 1363 1421 accidit
1384 1401 1408 1438 ,
1452 1369 1526 1421 ut
1574 1356 1847 1424 subinde
1887 1358 2209 1425 simulacra
2257 1359 2498 1444 pariant
2517 1405 2542 1442 ‚

673 1481 1147 1555 nonnumquam
1203 1491 1351 1540 vera
1373 1518 1399 1554 ‚
1443 1471 1658 1555 sitque
1714 1472 1962 1540 difficile
2008 1474 2157 1540 haec
2212 1459 2542 1561 dignoscess

673 1607 787 1657 re:
854 1592 1030 1674 quod
1087 1591 1143 1657 si
1188 1590 1537 1673 accideret,
1603 1590 1935 1664 maximum
1975 1593 2546 1676 pulcerritnumque

678 1708 1093 1776 obstetricum
1145 1729 1375 1776 munus
1432 1723 1605 1776 esset
1629 1755 1655 1792 ,
1717 1729 1935 1776 verum
1999 1729 2037 1777 a
2095 1709 2255 1778 falso
2313 1710 2546 1777 discer-

624 1889 639 1896 r
677 1827 891 1895 umidi.
1005 1827 1113 1893 Tu
1163 1845 1320 1894 vero
1388 1827 1545 1910 quid
1608 1827 1805 1892 sentis
1830 1826 1886 1894 *ἒ-
1916 1862 2012 1879 —-
2068 1828 2240 1893 Idem
2292 1826 2546 1912 profem
2655 1861 2665 1868 ·

676 1960 773 2011 to.
844 1981 943 2002 .-
1010 1943 1202 2012 Meae
1263 1959 1471 2012 autem
1551 1941 1669 2009 arti
1741 1957 1980 2010 caetera
2045 1944 2302 2029 propria
2355 1959 2542 2027 sunt,

677 2082 836 2145 quae
887 2063 1178 2144 illarum3
1253 2061 1467 2128 differt
1525 2080 1677 2128 vero
1700 2108 1725 2144 ,
1790 2061 1966 2144 quod
2016 2061 2295 2128 maribus
2320 2108 2346 2144 ‚
2411 2047 2543 2128 non

673 2181 968 2249 foeminis
1035 2178 1529 2265 parturientibus
1590 2179 1939 2260 succurrit,
1987 2191 2119 2243 tum
2171 2178 2351 2244 etiam
2413 2165 2547 2243 ani-

656 2317 817 2366 mos
874 2313 1114 2384 spectat
1170 2296 1538 2382 parientium
1562 2343 1587 2377 ,
1654 2313 1784 2361 non
1835 2313 2141 2377 corpora3
2206 2293 2541 2361 maximum

672 2430 884 2482 autem
945 2416 1065 2481 hoc
1129 2414 1295 2479 inest
1362 2412 1482 2479 arti
1532 2429 1747 2493 meae,
1811 2430 2008 2496 posse
2064 2410 2355 2479 videlicet
2406 2411 2546 2478 dili·

675 2548 895 2619 genter
969 2535 1293 2616 explorare
1369 2528 1545 2596 omni
1608 2530 1843 2609 modo,
1928 2528 2411 2594 simulacrumne
2481 2543 2549 2596 et

674 2648 905 2718 falsum
932 2696 957 2730 ‚
1047 2668 1125 2714 an
1196 2647 1474 2713 nativum
1548 2659 1612 2713 et
1670 2663 1891 2712 verum
1947 2646 2236 2728 quiddam
2294 2645 2545 2730 juvenis

672 2767 919 2836 animus
968 2766 1192 2853 pariat.
1315 2767 1652 2833 Caeterum
1714 2762 1781 2829 id
1839 2764 1990 2829 mihi
2058 2763 2284 2845 etiam,
2371 2762 2549 2844 quod

677 2884 1176 2965 obstetricibus,
1222 2896 1366 2951 est:
1414 2901 1544 2948 non
1576 2881 1753 2965 pario
1790 2861 2190 2965 sapientiam:
2240 2880 2547 2964 quodque

673 3003 1045 3090 objecerunt
1106 3002 1259 3068 mihi
1324 3001 1553 3079 multi,
1608 2999 1764 3067 alios
1809 3018 1911 3065 me
1972 2998 2403 3082 interrogare,
2448 2997 2548 3083 ip·

672 3139 818 3185 sum
876 3139 1030 3186 vero
1091 3119 1171 3185 de
1226 3120 1397 3184 nulla
1453 3136 1525 3183 re
1580 3116 1958 3202 respondere
1976 3162 2001 3196 ‚
2048 3114 2196 3197 quia
2237 3114 2393 3180 nihil
2435 3114 2547 3179 ha·

675 3236 798 3303 beo
859 3237 1033 3317 quod
1094 3235 1408 3318 sapienter
1463 3233 1874 3316 respondfflm
1901 3278 1926 3314 ,
2009 3249 2160 3298 vere
2232 3228 2549 3316 objiciunt

674 3353 792 3430 illi.
921 3354 1164 3423 Caussa
1221 3366 1426 3425 autem
1472 3349 1562 3416 rei
1623 3351 1771 3426 haec
1831 3364 1969 3416 est:
2025 3347 2547 3448 'parturientibus

674 3488 1041 3544 succurrere
1100 3471 1278 3542 Deus
1351 3486 1451 3540 me
1513 3467 1685 3550 cogit
1709 3513 1733 3549 ‚
1822 3485 2116 3552 generare.
2168 3465 2543 3551 prohibuitz

673 3608 817 3662 sum
864 3588 1006 3672 ipse
1054 3588 1301 3668 quidem
1348 3604 1478 3661 non
1532 3603 1907 3671 magnopere
1945 3584 2242 3669 sapiensz
2289 3602 2405 3651 nec
2451 3598 2553 3650 est

670 3702 829 3771 inihi
883 3706 1078 3775 ullum
1131 3704 1456 3778 inventum
1523 3702 1812 3786 sapiens,
1856 3720 1935 3766 ex
1989 3701 2193 3768 animo
2251 3718 2393 3769 meo
2441 3717 2553 3770 na-

670 3839 854 3903 tum3
903 3821 1015 3904 qui
1062 3838 1213 3885 vero
1271 3820 1725 3900 colloquuntur
1761 3835 2042 3898 mecum,
2087 3815 2356 3901 primum
2405 3816 2552 3897 qui-

674 3939 813 4008 dem
874 3923 1168 4005 videntur
1190 3982 1214 4018 ‚
1257 3935 1546 4004 nonnulli
1607 3953 1738 4001 non
1795 3929 2060 4002 solertes
2085 3981 2109 4017 ‚
2146 3933 2218 3981 <¹³
2263 3932 2367 4000 alii
2410 3949 2553 4015 per-

1641 4066 1647 4074 ·
2355 4065 2547 4131 quam

750 4161 835 4237 (⁸)
894 4165 949 4230 ol
988 4160 1056 4226 δέ
1095 4149 1192 4245 μοι
1240 4160 1677 4248 συγγιγνόμενοι
1726 4164 1796 4230 τὶ
1851 4167 1956 4242 μὶν
2022 4160 2241 4242 πρωτῐν
2312 4157 2550 4234 &nivon-

2399 4271 2502 4320 ηε
2521 4290 2548 4333 ,
