2900 4817
979 489 1289 560 —S—

230 707 378 763 star
394 738 419 775 ,
489 691 657 759 haud
729 690 1076 778 quidquam
1134 692 1480 777 probemus
1508 740 1533 774 ‚
1613 692 1741 760 nisi
1800 695 1979 779 quod
2027 691 2128 761 illi·

231 809 529 878 dixerunt
548 857 577 893 ‚
655 823 766 876 aut
781 855 807 892 ,
865 797 1030 895 quae
1084 809 1381 876 dixerunt
1401 858 1428 893 ‚
1507 808 1693 880 unice
1749 799 1898 879 vera
1939 799 2125 897 pute-

230 945 406 994 mus.
510 925 755 994 MIsera
813 942 983 995 esset
1050 926 1355 1010 profecto
1424 928 1709 1014 gentium
1784 921 2123 998 Germaniss

230 1061 452 1111 mrum
503 1043 787 1110 conditio
810 1091 837 1128 ,
905 1045 961 1116 si
1012 1060 1175 1130 post
1227 1059 1328 1111 tot
1379 1060 1723 1131 tantosque
1767 1048 2119 1116 exantlatos

226 1159 313 1226 ad
371 1175 599 1226 verum
635 1157 1079 1226 inveniendum
1125 1159 1369 1225 labores
1394 1205 1421 1242 ,
1461 1174 1780 1227 constaret
1819 1160 2069 1229 tandem
2089 1208 2117 1244 ,

227 1273 474 1344 frustra
501 1274 675 1359 ipsas
718 1294 833 1360 per
857 1290 955 1343 tot
980 1280 1224 1350 saecula
1264 1277 1586 1345 laborasse
1607 1324 1637 1361 ‚
1658 1297 1947 1364 vanaque
1972 1266 2121 1348 esse'

229 1404 299 1459 et
342 1389 507 1460 falsa
544 1409 934 1461 summorum
989 1393 1661 1478 celeberrimorumque
1694 1394 2122 1483 philosopho-

233 1527 379 1578 rum
409 1508 669 1595 placita.
757 1509 883 1577 Sed
924 1510 989 1576 id
1034 1511 1230 1578 nobis
1270 1512 1579 1593 agendum
1623 1524 1721 1579 est
1741 1564 1763 1596 ‚
1809 1525 1887 1578 ut
1922 1511 2123 1581 disca-

233 1645 378 1695 mus
430 1625 514 1693 ab
556 1625 687 1693 illis
725 1626 1170 1711 philosophiae
1204 1613 1572 1693 auctoribus
1593 1672 1620 1708 ‚
1664 1626 1820 1711 quid
1847 1624 1936 1693 'sit
1978 1626 2126 1722 phif-

233 1743 539 1830 losophia
558 1791 584 1827 ‚
629 1762 765 1830 quo
806 1745 1115 1827 pertineat
1151 1745 1419 1810 maxime
1438 1790 1465 1826 ,
1509 1762 1637 1829 qua
1674 1742 1763 1811 ait
1805 1743 2126 1810 tractanda

235 1863 527 1932 ratione:
586 1877 729 1931 tum
799 1880 951 1929 vero
1017 1879 1235 1928 eorum
1298 1861 1510 1930 secuti
1582 1860 1939 1946 exemplum
1961 1906 1989 1942 ,
2060 1871 2125 1926 et

237 1983 560 2068 eleganter
613 1979 1139 2064 philosophemur
1185 1980 1373 2047 simul
1434 1991 1503 2045 et
1564 1978 1885 2047 subtiliter
1902 2025 1928 2062 ,
1995 1990 2134 2045 tan·

237 2116 498 2185 tamque
561 2095 909 2165 evidentiae
948 2111 1014 2164 et
1055 2095 1499 2182 popularitatis
1525 2142 1552 2179 ,
1613 2109 1913 2182 quantam
1966 2095 2134 2164 inte·

237 2217 432 2285 rioria
474 2212 939 2299 disquisitionis
963 2260 987 2296 ,
1030 2213 1335 2281 rationem
1367 2213 1755 2281 habeamus:
1796 2227 2127 2282 caveamus

236 2348 453 2407 autem
513 2331 877 2417 praesertim
891 2377 915 2413 ,
969 2329 1146 2416 quod
1205 2328 1298 2397 illi
1350 2344 1655 2398 caverunt
1709 2329 2131 2417 prudentissi·

238 2469 390 2536 me,
436 2468 524 2519 ue
564 2447 843 2517 hominis
881 2462 1198 2516 externam
1238 2449 1379 2516 sive
1429 2447 1759 2534 physicam
1814 2446 2129 2517 conditio-

235 2586 386 2638 nem
430 2569 835 2652 exploremus
900 2564 1126 2633 unice:
1185 2585 1319 2649 quo
1381 2566 1496 2650 fit,
1537 2580 1614 2633 ut
1665 2567 1976 2635 excellens
2020 2585 2144 2635 na·-

238 2701 381 2755 tura
409 2734 438 2770 ‚
478 2684 674 2753 tantis
709 2684 1016 2751 instructa
1061 2683 1321 2750 dotibus
1369 2697 1432 2751 et
1482 2685 1886 2755 facultatibus
1913 2732 1939 2769 ,
1983 2683 2132 2753 bes-

240 2802 367 2869 tiae
414 2800 609 2869 nobis
658 2799 854 2868 instar
905 2799 1239 2884 videatur3
1307 2803 1419 2866 scd
1457 2802 1781 2871 hominem
1841 2802 2134 2871 conside-

243 2936 473 2986 remus
523 2931 772 3001 totum,
816 2935 1095 3004 quoque
1133 2917 1219 2984 sit
1258 2920 1379 2984 sua
1432 2918 1574 3001 ipse
1609 2920 1835 2986 natura
1877 2933 1945 2987 et
1989 2921 2138 3004 pul·

240 3034 339 3105 cri
409 3048 479 3102 et
528 3035 661 3103 veri
730 3045 796 3100 et
856 3034 1016 3121 justi
1037 3082 1062 3116 ‚
1107 3034 1236 3102 imo
1283 3053 1434 3103 vero
1494 3035 1974 3108 immortalitatis
2036 3027 2138 3109 re'·

238 3169 525 3240 rumque
556 3152 910 3221 divinarum
952 3151 1167 3220 studio
1214 3167 1282 3220 et
1337 3154 1586 3221 ardore.
1676 3154 1800 3224 His
1855 3159 2132 3244 primum

182 3270 571 3356 -pereeptis
633 3287 957 3355 germanae
1015 3269 1459 3356 philosophiae
1534 3272 1861 3360 principiis
1884 3320 1913 3359 ‚
1996 3290 2149 3347 tum

242 3407 446 3472 porro
494 3386 716 3454 licebit
762 3386 953 3453 nobis
1004 3404 1087 3453 ex
1145 3387 1476 3471 praeclaris
1545 3387 1859 3474 proficere
1922 3409 2141 3461 recen-

243 3505 443 3573 tioris
493 3504 631 3571 aevi
692 3502 968 3571 inventis
983 3550 1009 3586 ,
1097 3518 1173 3572 ut
1233 3522 1271 3572 e
1315 3524 1471 3574 suae
1523 3507 1744 3574 aetatis
1815 3508 2142 3597 priscique

241 3620 489 3692 mili
530 3618 807 3690 inventis
849 3619 973 3706 ipsi
1014 3617 1449 3709 profecerunt}
1480 3622 1779 3693 Socrates
1819 3637 1885 3695 et
1926 3625 2135 3697 Plato.

238 3739 353 3810 Sic
412 3752 670 3821 autem,
732 3753 798 3807 et
871 3739 988 3807 hac
1064 3758 1192 3807 una
1260 3741 1501 3834 ratione
1523 3790 1546 3823 ‚
1604 3741 1683 3811 ad
1738 3762 2139 3815 communem

244 3857 507 3942 generis
561 3856 817 3924 humani
858 3857 1124 3926 salutem
1164 3857 1638 3944 philosophiam
1679 3860 2139 3934 adhibebimus.

246 3973 427 4045 Nam
469 3972 560 4041 ita
575 4049 588 4061 ‚
594 3971 895 4064 profecto
939 3993 1012 4044 se
1054 3992 1154 4044 res
1194 3976 1419 4046 habet:
1470 3975 1654 4047 decet
1696 3979 2152 4070 philosophiam

2022 4118 2146 4166 non
