2900 4817
1469 407 1822 502 2:33¹..ss

696 583 1043 670 sane'non'·
1087 583 1185 670 res
1228 594 1384 670 'illos
1410 648 1433 682 ,
1499 601 1630 669 sed·
1673 572 2050 692 simulacraj
2091 597 2218 666 into
2262 595 2393 668 n'on
2449 596 2594 669 nisi·-

696 719 953 789 titnbras
1001 713 1474 787 simulacrorum
1533 716 1908 785 hominibus·
1966 713 2423 802 proposuisse,
2507 719 2575 788 in

695 839 1032 922 speluncae
1090 836 1511 918 descriptione
1569 830 1976 919 significauit.
2051 835 2180 901 ‘At
2228 855 2380 905 vero
2405 884 2430 918 ‚
2497 851 2570 904 ut

694 956 961 1021 diximus
1014 967 1201 1035 ante,
1269 969 1333 1020 et
1391 972 1561 1020 nunc
1623 953 1810 1019 nobis
1876 954 2114 1037 optime
2163 973 2243 1022 ex
2292 933 2568 1022 idearum

690 1074 805 1140 hac
870 1067 1160 1174 doctrina
1224 1085 1442 1170 patet,
1533 1089 1664 1137 non
1704 1086 1888 1138 artes
1927 1071 2140 1156 rejecit
2186 1087 2296 1137 aut
2345 1071 2566 1138 artium
2677 1119 2686 1126 ,

690 1175 1023 1270 auctoreS,
1064 1186 1176 1254 sed
1225 1203 1522 1272 perversa
1582 1208 1791 1255 earum
1849 1187 2079 1256 studia.
2178 1185 2296 1255 Uti
2360 1188 2572 1272 philo·

690 1295 936 1391 sophos
994 1305 1270 1373 laudavit
1330 1307 1476 1373 illos
1540 1305 1723 1372 unice
1745 1351 1770 1386 ,
1815 1306 1927 1388 qui
1964 1315 2073 1385 τῆς
2130 1311 2414 1386 ἀληθείαις
2469 1322 2569 1372 es-

689 1438 833 1492 sent
866 1428 1357 1511 -Φιλοθεάμονες,
1416 1422 1503 1489 ita
1558 1421 1907 1490 artificibus
1927 1469 1951 1503 ‚
1994 1423 2204 1508 poetis
2227 1471 2251 1504 ,
2303 1422 2566 1490 caeteris

690 1529 988 1608 omnibus
1010 1540 1217 1638 ‚qui
1251 1539 1496 1624 aliquid
1550 1537 1948 1606 informando
1986 1541 2052 1607 in
2093 1529 2296 1607 lucem
2349 1539 2568 1623 profe-²

684 1660 953 1743 rebant,
1010 1660 1242 1744 pariter
1293 1659 1698 1743 praescripsit
1721 1707 1744 1742 ,
1806 1674 1879 1726 ut
1933 1659 2259 1727 veritatem
2318 1663 2568 1745 specta&

683 1792 827 1846 rent
876 1778 942 1842 in
1000 1775 1301 1861 operibus
1344 1776 1718 1843 ‘excolendis
1743 1822 1768 1858 ,
1815 1774 1881 1842 id
1903 1822 1928 1858 ,
1973 1777 2152 1861 quod
2209 1795 2356 1846 vere
2392 1790 2561 1846 esset

680 1895 1011 1980 pulcrum,
1056 1892 1356 1978 bonum,
1407 1895 1653 1981 justum
1677 1941 1701 1974 ,
1745 1907 2029 1960 sanctum
2082 1877 2215 1961 erte
2251 1890 2560 1979 exprime-

683 2026 849 2082 rent.
960 2011 1104 2077 Hos
1159 2009 1266 2076 ille
1321 2028 1453 2075 non
1511 2008 1724 2076 minus
1781 2029 1963 2093 quam
2029 2029 2351 2096 germanae
2407 2012 2556 2097 phi-

676 2126 1012 2207 losophiae
1057 2140 1333 2194 amantes
1359 2174 1383 2208 ‚
1429 2125 1647 2196 mundi
1689 2128 2130 2211 adspectabilis
2160 2145 2343 2200 antro
2380 2148 2554 2216 egre-

673 2248 742 2317 di
778 2246 1012 2334 jussit,
1073 2259 1146 2311 nt
1204 2245 1488 2328 exempla
1537 2263 1743 2312 rerum
1788 2243 2065 2330 perfecta
2116 2261 2180 2312 et
2220 2243 2435 2312 intuiti
2487 2260 2553 2313 et

612 2369 624 2374 “
677 2363 902 2433 imitati
922 2411 950 2448 ‚
1035 2364 1128 2429 sic
1185 2379 1333 2430 vere
1396 2363 1699 2446 prodesse
1751 2363 1961 2447 generi
2018 2361 2342 2429 hominum
2397 2383 2550 2446 pos·

673 2497 843 2551 sent.
971 2479 1145 2547 Haec
1216 2480 1458 2548 scilicet
1524 2497 1688 2545 nova
1745 2491 1844 2546 est
1923 2479 2029 2546 illa
2086 2495 2207 2547 tam
2266 2479 2489 2574 artiurn
2514 2527 2543 2560 ‚
2613 2447 2621 2468 ⁴

672 2599 862 2682 ‘quam
917 2583 1378 2681 disciplinarum
1441 2595 1771 2680 ip51usque
1842 2595 2283 2681 philosophiae
2337 2596 2492 2663 ratio
2513 2643 2542 2678 ‚

673 2733 862 2799 quam
910 2714 1085 2782 Plato
1139 2713 1598 2779 commendavit
1659 2714 1867 2780 unice.
1983 2731 1986 2740 ·
2289 2709 2292 2712 ’

775 2829 928 2917 Quo
1008 2828 1376 2897 -referantut
1458 2830 1860 2914 potissimum
1956 2830 2125 2916 apud
2218 2831 2535 2897 Platonem

669 2948 879 3031 idoee3
965 2947 1112 3014 hinc
1184 2946 1334 3016 licet
1410 2946 1760 3032 intelligere
1782 2994 1807 3028 ,
1914 2947 2027 3013 sed
2117 2943 2536 3014 confuderunt

632 3084 771 3133 ’ωε
842 3061 1027 3131 multi
1088 3083 1232 3131 cum
1300 3066 1541 3144 innatis
1601 3060 1756 3130 ideis
1814 3063 2367 3130 Cartesianorum:
2434 3060 2540 3129 alii

667 3200 800 3249 non
891 3182 1044 3248 satis
1117 3200 1153 3246 a
1238 3177 1453 3247 Kantii
1544 3179 1699 3248 ideis
1791 3180 2144 3248 Platonicas
2238 3179 2540 3246 distinxe-

665 3314 815 3367 runt
846 3348 871 3383 ,
956 3300 1123 3365 unde
1194 3298 1312 3364 hae
1383 3297 1733 3365 recentiore
1811 3312 2010 3364 aetate
2085 3296 2533 3366 obscuritatem

663 3430 1132 3484 contraxerunt.
1282 3414 1467 3502 Quae
1553 3414 1805 3498 quidem
1885 3414 2235 3498 principum
2323 3414 2537 3499 philo-

646 3519 1011 3617 sophorum
1089 3532 1411 3600 doctrinae
1475 3531 1663 3599 nobis
1737 3534 1859 3598 hoc
1933 3532 2078 3597 Ioco
2149 3545 2266 3597 nec
2334 3530 2535 3616 expli-

660 3652 889 3720 candae
942 3669 1059 3717 nee
1115 3669 1269 3717 vero
1327 3648 1759 3734 dijudicandae
1813 3662 1991 3715 sunt.
2102 3648 2528 3714 Veruntamen

636 3769 861 3855 jpsius
897 3769 1176 3836 Platonis
1231 3771 1497 3849 cauisse,
1543 3785 1802 3849 quoque
1839 3763 2210 3848 ‚accuratius
2268 3764 2527 3838 distinc-

636 3884 1045 3969 aeiusque..de
1083 3885 1222 3974 ejus
1271 3882 1424 3950 ideis
1476 3883 1826 3970 judicemus
1846 3929 1871 3965 ,
1915 3881 2079 3949 haud
2131 3895 2364 3962 temere
2399 3899 2519 3948 nos

654 4018 906 4073 acturos
945 4017 1240 4090 putamus
1261 4046 1286 4086 ,
1352 4001 1408 4067 si
1465 4017 1789 4068 secernere
1844 3981 1990 4068 detta
2040 3999 2266 4083 oper&-
2286 3998 2378 4066 ab·
2404 3996 2524 4064 his

2387 4130 2532 4200 ejus
