2900 4817
1021 486 1410 551 —ua-

272 636 723 733 aliisque-ejus
765 645 1032 733 dialogis
1090 646 1446 714 didicimus.
1536 644 1611 711 In
1657 639 1920 711 Timaeo
1962 653 2144 719 prot·

172 830 176 837 ς
272 779 385 826 sus
440 760 646 844 ideas,
732 764 802 828 ut
866 736 1413 829 animadvertimus
1468 758 1667 827 modo
1693 798 1719 839 ,
1774 770 1814 823 a
1864 755 2162 829 materia.

268 876 622 964 distinguit.
684 879 851 946 Nam
891 880 1068 948 Deus
1115 878 1240 945 illic
1272 878 1350 945 ad
1382 877 1583 944 ideam
1626 873 1778 943 boni
1822 866 2139 953 materiem

264 991 518 1069 format.
605 994 997 1065 Referuntur
1040 996 1237 1082 igitur
1279 995 1446 1080 apud
1500 1012 1647 1060 eum
1701 995 1791 1062 τὰ
1839 990 2023 1067 νοητὰ
2055 977 2137 1051 ad

263 1126 534 1180 mentem
583 1112 815 1196 unice,
862 1128 1032 1179 certe
1061 1131 1194 1179 non
1217 1158 1245 1193 ‚
1286 1125 1360 1178 ut
1397 1108 1613 1177 Kantii
1663 1110 1947 1190 νοούμενα
1980 1100 2157 1177 alio-.

261 1248 535 1310 rumque
570 1230 959 1296 substantiae
993 1243 1060 1295 et
1094 1228 1392 1294 monades
1412 1272 1438 1307 ,
1484 1226 1562 1291 ad
1599 1221 1917 1290 materiem
1952 1219 2099 1286 item
2111 1264 2199 1299 ,,,.

264 1343 371 1411 cui
425 1345 580 1413 haec
623 1347 890 1414 subesse
950 1344 1271 1412 dicuntur.
1362 1343 1468 1409 Sic
1536 1357 1743 1406 autem
1798 1338 1984 1428 {Plato
2050 1334 2133 1401 nd

265 1474 533 1527 mentem
589 1460 848 1546 proprie
883 1466 969 1533 τὰ
1010 1465 1192 1541 νοητὰ
1247 1457 1523 1526 referens
1547 1504 1572 1540 ‚
1635 1461 1944 1530 παίδευσιν
1991 1469 2135 1519 esse

261 1576 423 1644 dixit
461 1578 723 1645 hominis
762 1575 855 1645 ad
914 1583 1001 1651 τὸ
1038 1582 1221 1658 νοητὰ
1237 1623 1262 1658 ,
1303 1582 1390 1649 τὰ
1440 1579 1589 1646 ὄντα
1603 1621 1628 1655 ,
1670 1572 1765 1638 ad
1798 1568 2131 1641 vaniorem

231 1700 703 1764 ‘conversionem
729 1743 756 1777 ‚
841 1697 1048 1777 deque
1111 1692 1367 1760 homine
1449 1689 1791 1758 erudiendo
1871 1684 2129 1754 effatum

256 1811 579 1911 protulit,
642 1832 778 1896 quo
811 1815 1054 1880 nullum
1098 1808 1281 1878 facile
1334 1809 1415 1876 ad
1451 1827 1639 1874 usum
1675 1804 1844 1872 v'itae
1878 1822 2153 1870 accom-.

253 1928 570 1996 modatius
630 1931 1065 2013 efficaciusque
1122 1943 1223 1996 est
1247 1974 1272 2010 ‚
1337 1924 1704 2013 hujusmodi
1746 1924 1945 1989 illudr
2009 1921 2130 1987 ml-

250 2062 378 2113 nus
432 2064 574 2113 esse
617 2046 892 2114 hominis
933 2045 1340 2132 ignorantiam
1382 2042 1669 2111 tenuitati
1705 2040 2070 2107 facultatum
2092 2084 2121 2120 ,

254 2161 490 2245 quibus
535 2164 852 2246 praeditus
910 2178 1008 2228 est
1029 2208 1056 2245 ,
1096 2177 1204 2228 aut
1260 2179 1468 2227 rerum
1493 2204 1517 2242 ,
1560 2178 1718 2244 quas
1777 2175 2126 2243 cognosce-

248 2292 320 2342 re
375 2277 587 2343 studet
607 2322 632 2357 ,
693 2276 1051 2342 conditioni
1116 2276 1516 2342 tribuendum
1539 2320 1568 2356 ‚
1630 2294 1812 2357 quam
1864 2291 2124 2360 pervet-
2190 2266 2203 2275 ’

250 2408 359 2458 sae
421 2393 694 2474 rationi,
775 2396 904 2477 qua
960 2392 1159 2459 utitur
1213 2393 1623 2460 facultatibus
1686 2392 1871 2462 suisa
1939 2393 2126 2478 sive,

248 2523 323 2575 ut
366 2508 600 2575 rectius
640 2509 840 2591 illud,
909 2523 980 2575 ut
1029 2494 1347 2577 platonice
1411 2510 1864 2593 enunciemus,
1928 2516 2123 2605 loci&

241 2648 311 2694 co
354 2647 462 2693 nos
503 2627 1090 2715 opinor-isere,
1120 2618 1257 2694 ¹non
1289 2650 1436 2698 voro
1474 2634 1753 2713 scire,
1795 2633 1954 2718 quia
1990 2651 2119 2699 non

243 2744 400 2810 illuc
424 2788 447 2824 ,
471 2766 591 2831 quo
613 2758 852 2832 oportet
867 2790 891 2825 ,
917 2749 1140 2810 mentis
1161 2746 1403 2811 oculum
1419 2766 1779 2812 conversum
1798 2746 2133 2817 habemur..

329 2860 515 2927 Nihil
545 2879 667 2927 nos
702 2862 1086 2930 detrahimus
1101 2860 1541 2929 excellentium
1566 2909 1592 2944 ,
1616 2882 1781 2946 quos
1803 2862 2078 2929 diximus
2094 2904 2125 2946 ‚

241 2977 773 3063 philosophorum
817 2978 1129 3045 laudibus.
1178 2980 1473 3045 Fatemur
1504 2979 1778 3064 ingenue
1802 3026 1828 3060 ‚
1850 2979 2129 3049 mirifice-

241 3095 431 3162 nobis
466 3096 781 3181 placuisse
799 3095 935 3163 fere
963 3115 1106 3163 cum
1152 3097 1364 3164 Kantii
1405 3096 1571 3162 illam
1603 3095 1868 3162 insulam
1892 3139 1917 3177 ,
1958 3116 2114 3179 qua·

240 3230 386 3276 cum
447 3230 641 3294 purae
696 3214 953 3280 rationis
1006 3214 1164 3281 fines
1215 3215 1602 3299 comparavit
1624 3258 1648 3293 ‚
1710 3228 1845 3281 tum
1906 3212 2111 3298 magis

237 3327 422 3394 etiam
464 3345 935 3396 monumentum
956 3350 1098 3397 cum
1137 3330 1663 3415 inscriptionibus
1686 3330 2111 3397 Hemsterhu·

210 3443 481 3513 .sianum
507 3492 530 3526 ‚
576 3466 705 3529 quo
729 3448 784 3512 is
820 3461 1210 3532 praesentem
1246 3463 1529 3515 nostram
1566 3447 1989 3534 cognoscendi
2016 3445 2111 3513 fan

234 3567 531 3632 cultatem
564 3563 1020 3631 determinavit.
1088 3566 1339 3653 Quodsi
1375 3566 1612 3631 utilitas
1652 3565 1901 3652 agitur,
1944 3584 2115 3649 quae.

235 3685 314 3751 ad
350 3681 516 3748 vitae
541 3701 723 3747 usum
745 3725 771 3760 ,
816 3683 894 3748 ad
932 3683 1056 3750 rite
1087 3684 1495 3751 excolendum
1530 3685 1844 3769 hominem
1888 3703 1923 3748 e
1960 3682 2122 3766 phiv.

235 3800 531 3883 losophia
589 3800 885 3884 capienda
952 3817 1096 3881 est,
1161 3802 1459 3885 majorem
1498 3800 1786 3885 equidem
1848 3800 2123 3871 uberim.

230 3935 491 4000 remque
528 3937 565 3985 e
593 3918 1002 4001 philosophia
1033 3917 1314 3987 Platonis
1339 3965 1364 3999 ‚
1390 3898 1574 4000 quam
1612 3919 1813 3989 extis
1848 3917 2120 4004 illorum1

228 4033 756 4122 philosophorum
828 4035 1076 4119 placitis
1119 4082 1143 4118 ,
1228 4034 1466 4121 percipi
1543 4036 1828 4107 dixerim.
1940 4031 2115 4120 Q
2140 4062 2161 4097 ,-

1977 4148 2102 4215 uti·
