2900 4817
1434 457 1783 539 ...48—

679 638 973 710 ciliarunt
990 684 1016 720 ,
1060 655 1184 721 qua
1232 654 1453 709 omnes
1467 684 1494 720 ‚
1539 638 1665 722 ipsi
1723 636 1987 707 maxime
2023 640 2279 727 physici
2321 664 2554 734 negant

677 758 972 842 majorem
1028 773 1173 823 esse
1222 756 1438 841 ullam.
1564 754 1750 841 Quae
1813 775 1964 829 saue
2015 778 2326 846 perquam
2397 783 2554 835 sunt

670 872 863 953 nobis
918 871 987 938 in
1042 871 1193 953 his,
1272 890 1435 955 quae
1479 886 1874 956 tractamus,
1958 879 2252 947 tenenda.
2376 883 2550 953 Nam

675 1003 983 1075 quantum
1035 987 1397 1061 investiendo
1424 1076 1429 1079 Δ
1458 988 1760 1073 Graecos
1818 989 2178 1063 Orientales
2191 1042 2218 1078 ,
2275 1011 2552 1083 ³tantum,

588 1150 598 1165 .
671 1106 933 1199 (ἱππεῖ,
970 1120 1369 1191 εῑιιΡειιτιιιιιιιΙ
1416 1104 1771 1175 Orientales
1855 1088 2206 1199 omnesque
2262 1120 2552 1203 populos

666 1243 814 1303 cum
861 1224 1379 1314 pht'losopbaneh,
1421 1237 1557 1291 tum
1585 1276 1592 1283 .
1616 1225 1969 1294 adhibenda
2011 1228 2428 1317 philosophia
2467 1236 2552 1303 ad

668 1342 945 1435 acuenda
1040 1342 1522 1437 excolendaque·
1593 1342 1919 1411 hominum
1993 1342 2271 1433 ingenia.
2397 1350 2550 1435 Nos

668 1471 879 1553 antem
938 1456 1025 1523 ita
1084 1453 1389 1549 maximos
1446 1453 1714 1527 fecimus
1771 1456 1842 1547 in
1890 1458 2276 1551 gravissimis
2312 1464 2549 1553 doctri-

667 1574 771 1645 nis
828 1591 1215 1661 progressus.
1237 1619 1267 1656 ,
1347 1586 1456 1640 ut·
1474 1572 1787 1663 proficere
1843 1593 1962 1643 ex
1982 1591 2424 1669 utrorumque
2449 1582 2549 1651 in-

665 1692 880 1779 ventis
927 1688 1286 1774 studiisque
1324 1689 1409 1757 ad
1446 1708 1657 1757 veram
1697 1688 1867 1758 vitae
1909 1691 2259 1763 utilitatem
2297 1696 2548 1785 studio-

666 1809 918 1879 sissime
977 1784 1454 1875 tentaverimus.
1537 1807 1632 1874 Et
1686 1805 1781 1874 sic
1832 1806 2088 1891 quidem
2139 1788 2546 1897 procedimus

665 1948 745 1995 eo
765 1975 791 2011 ,
877 1941 951 1993 ut
1023 1926 1251 1994 dictam
1313 1923 1700 2012 explicemus
1771 1925 2057 1994 Platonis
2113 1926 2488 1998 sententiam
2510 1979 2538 2014 ,

664 2063 811 2115 esse
859 2062 1266 2112 numerorum
1315 2046 1580 2128 μάθημα
1636 2041 1726 2113 ἰιι.
1747 2042 1851 2109 ‘iis
1920 2046 2300 2141 censendum
2352 2047 2541 2116 disci·

661 2162 857 2248 plinis
878 2208 903 2243 ,
969 2180 1130 2243 quae
1168 2161 1250 2228 ad
1303 2154 1496 2242 νόησιν
1548 2159 1869 2228 adducunt
1913 2176 2237 2269 mentem,
2296 2165 2540 2253 quippe

599 2282 933 2351 ἑλκτικὸν
967 2280 1110 2363 πρὸς
1152 2277 1383 2351 οὐσίαν.
1474 2275 1601 2343 Sed
1638 2276 1838 2362 ipsam
1892 2281 2282 2349 attendamus
2341 2284 2535 2372 hujus

658 2393 1036 2480 disciplinae
1081 2407 1387 2465 naturam,

748 2513 825 2579 In
884 2512 1055 2579 omni
1108 2510 1472 2579 studiorum
1521 2529 1763 2597 genere
1784 2559 1811 2595 ,
1889 2513 1948 2581 si
1998 2534 2036 2583 a
2083 2517 2532 2588 mathematicis

655 2629 1064 2712 discesseris,
1124 2626 1283 2713 quid
1336 2647 1558 2697 verum
1608 2629 1695 2696 sit
1717 2677 1746 2713 ‚
1809 2632 2234 2719 conjicimus,
2271 2656 2539 2723 augura·

662 2769 843 2830 mur,
886 2747 1143 2832 assequi
1181 2747 1557 2830 studemus3
1602 2761 1928 2816 assecutos
1980 2768 2138 2818 vero
2179 2771 2301 2821 nos
2343 2772 2548 2851 esse,¹

661 2884 798 2951 non
849 2863 1033 2933 facile
1080 2864 1635 2932 contenderimusz
1681 2882 1952 2948 eumque
1980 2869 2232 2936 laudare
2268 2872 2542 2942 maxime

659 2984 982 3064 solemus,
1071 2980 1184 3066 qui
1248 2981 1564 3048 minimam
1634 2980 1860 3051 tribuit
1944 2985 2325 3070 conjecturis
2397 2991 2536 3079 suis

658 3099 1123 3185 auctoritatem.
1250 3098 1327 3164 In
1400 3098 1794 3165 arithmetica
1859 3120 2012 3168 vero
2066 3117 2132 3169 et
2188 3108 2534 3190 geometria

658 3237 806 3291 vera
863 3231 1019 3283 sunt
1060 3216 1312 3297 omnia,
1378 3217 1590 3282 nullus
1639 3216 2018 3301 relinquitur
2057 3221 2487 3315 probabilitati
2505 3271 2533 3310 ‚

656 3352 732 3421 ut
785 3339 854 3404 in
913 3336 1102 3403 rebus
1164 3334 1417 3402 incertis
1441 3381 1467 3417 ,
1511 3336 1692 3400 locus
1711 3354 1735 3401 ε
1781 3335 1969 3419 isque
2019 3339 2284 3408 maxime
2322 3346 2540 3412 exclu-

658 3456 903 3541 dendus
965 3452 1546 3545 mathematicorum
1601 3454 1803 3520 choro
1865 3455 2158 3541 videtur,
2245 3461 2358 3544 qui
2409 3483 2532 3549 pro

656 3590 814 3638 vero
870 3590 945 3638 se
984 3569 1074 3636 ait
1117 3569 1680 3637 verisimilitudine
1719 3590 1861 3639 esse
1913 3589 2310 3667 contentum.
2395 3579 2531 3648 Ex·

658 3702 829 3787 stant
864 3688 930 3752 in
971 3687 1121 3759 alia
1149 3686 1372 3768 quavis
1435 3686 1803 3777 disciplina,
1848 3689 2087 3783 quibus
2133 3691 2357 3761 intimo
2395 3695 2533 3762 ani-

656 3827 762 3877 mo
811 3805 995 3871 fidem
1050 3804 1392 3870 habemus.
1442 3804 1508 3869 in
1564 3803 1755 3870 rebus
1810 3805 2202 3903 moralibus,
2244 3807 2314 3875 in
2349 3830 2533 3879 caus-

654 3924 751 4012 sis
825 3921 1145 4006 religionis
1220 3921 1605 4005 gravissimis
1665 3922 1757 3987 sic
1812 3923 2004 4013 nobis
2077 3929 2530 4009 persuademus

660 4042 869 4132 pmnia
894 4087 918 4123 ,
1004 4056 1076 4106 ut
1147 4016 1430 4127 dubitare}—
1479 4040 1565 4109 de
1634 4039 1713 4106 iis
1763 4041 1931 4135 haud
1990 4041 2182 4139 ucere
2231 4046 2530 4145 ⁷vick==apur

2413 4164 2531 4232 ho-
