2900 4817
1494 427 1839 492 -6011-

714 614 862 682 σικᾶ
883 655 914 690 ,
994 609 1433 677 escendentem
1507 607 1602 673 (ι)
1618 626 1645 674 t
1730 607 2211 696 metaphysicam
2296 595 2601 682 vocarunt

710 726 996 811 posteri:
1047 744 1207 811 quae
1241 724 1559 815 antiquO,
1599 725 1714 792 sed
1770 725 1977 792 multo
2014 724 2216 810 magis
2257 726 2449 794 etiam
2508 749 2600 797 re·-

639 920 649 930 ,
710 845 993 912 nentiore
1045 862 1201 913 aevo
1259 844 1571 911 invaluit:
1619 842 1715 911 sic
1758 832 1970 910 autem
2030 842 2295 910 invaluit
2338 858 2598 917 tantam-

709 980 842 1046 que
908 977 1096 1029 nacta
1165 963 1603 1030 auctoritatem
1663 973 1762 1028 est
1787 1007 1813 1043 ,
1900 973 1974 1026 ut
2052 964 2195 1049 ipsa
2280 960 2597 1033 diceretur

697 1080 1087 1169 philosophia
1139 1096 1283 1146 esse
1302 1126 1328 1160 ‚
1370 1079 1452 1144 ad
1512 1080 1786 1164 ejusque
1832 1076 2145 1161 principia
2184 1091 2251 1144 et
2288 1079 2595 1151 rationem

707 1195 945 1263 nullius
1008 1214 1140 1261 non
1199 1195 1616 1278 philosophi,
1687 1196 1901 1279 paullo
1961 1195 2217 1279 quidem
2271 1197 2600 1266 sublimio·

707 1311 796 1379 ris
817 1359 846 1394 ,
885 1310 1167 1379 doctrina
1217 1312 1613 1397 exigeretur,
1655 1331 1725 1379 ac
1778 1313 1955 1383 Plato
1999 1333 2125 1381 una
2182 1333 2329 1391 cum
2394 1330 2602 1385 caete·

708 1429 797 1496 ris
838 1428 906 1495 in
956 1429 1405 1515 metaphysicis
1448 1418 1836 1497 censeretur.
1925 1431 2002 1497 Id
2020 1478 2046 1514 ,
2089 1432 2147 1497 si
2187 1432 2344 1514 quid
2376 1432 2597 1517 aliud,

709 1547 1178 1633 philosophiam
1246 1546 1630 1615 Platonicam
1648 1594 1673 1629 ‚
1734 1547 2024 1630 quamvis
2078 1549 2476 1634 perspicuam
2509 1564 2601 1617 ›et

705 1666 1056 1751 simplicem
1078 1713 1104 1747 ,
1168 1663 1509 1733 obscuram
1566 1662 1835 1730 reddidit
1853 1710 1879 1745 ‚
1923 1662 2269 1748 effecitque
2312 1678 2385 1731 ut
2446 1666 2602 1735 doc-

707 1784 898 1851 trina·
931 1782 1304 1868 philosophi
1365 1781 1446 1848 de
1499 1780 1736 1848 mundo
1797 1774 1979 1868 νὸητῷ
2005 1828 2031 1863 ,
2113 1781 2193 1849 de
2238 1783 2441 1865 ideis,
2516 1783 2603 1854 de

713 1903 828 1969 hac
875 1900 942 1967 in
992 1900 1212 1985 primis
1261 1898 1416 1973 boni
1457 1898 1642 1979 idea,
1685 1916 1869 1984 aegre
1914 1897 2106 1979 nobis
2154 1899 2339 1966 etiam
2379 1918 2596 1984 nunc,

713 2018 959 2104 quippe
1014 2016 1298 2085 nondum
1361 2016 1565 2098 satis,
1630 2017 1942 2117 quicquid
2004 2015 2276 2113 Kantius
2336 2020 2596 2088 molitus

707 2151 852 2219 est,
910 2156 947 2203 a
996 2136 1401 2222 philosophia
1453 2135 1945 2221 metaphysicam
2004 2135 2543 2221 distinguentibus
2563 2186 2594 2221 ,

706 2256 1116 2341 intelligatur.
1206 2254 1350 2321 Nos
1378 2300 1402 2334 ‚
1472 2272 1604 2335 quo
1660 2252 1855 2337 magis
1913 2255 2142 2336 placita
2195 2253 2475 2325 Platonis
2516 2256 2597 2324 de

707 2371 866 2440 ideis
924 2370 1266 2438 lectoribus
1310 2389 1471 2454 pura
1520 2386 1584 2437 et
1649 2370 1889 2455 integra
1941 2389 2445 2457 proponeremus
2467 2422 2495 2458 ,
2553 2395 2590 2443 a

708 2488 1094 2559 Cartoeianis
1174 2489 1278 2555 illa
1348 2487 1597 2573 placitis
1618 2533 1646 2569 ,
1733 2488 1890 2571 quin
1964 2482 2155 2559 etiam
2228 2512 2266 2558 a
2336 2492 2593 2560 Kantia·

705 2607 808 2673 nis
834 2653 860 2687 ,
926 2605 1306 2689 quibuscum
1352 2605 1749 2671 conveniunt
1777 2605 2106 2688 maxime,
2150 2608 2584 2677 discrevimus.

706 2723 958 2810 Quodsi
1023 2725 1302 2811 ejusdem
1363 2724 1723 2792 universam
1785 2726 1863 2793 de
1914 2727 2157 2795 mundo
2212 2733 2393 2815 ωητῷ
2442 2728 2590 2795 doc-

705 2842 928 2911 trinam
987 2842 1196 2909 animo
1272 2858 1499 2909 nostro
1560 2841 1795 2926 pariter
1856 2860 2079 2926 puram
2151 2856 2218 2909 et
2286 2844 2589 2930 integram

705 2975 1166 3048 repraesentare
1239 2963 1509 3029 velimus
1542 3007 1567 3041 ‚
1650 2961 1790 3044 pari
1863 2962 2021 3029 hanc
2097 2960 2420 3046 diligentia
2504 2963 2586 3027 ab

706 3079 1077 3147 Aristotelis
1135 3078 1569 3164 metaphysica
1628 3077 1985 3144 discernere
2049 3077 2397 3162 oportebit.
2482 3079 2592 3147 Sic

706 3198 959 3266 demum
1012 3196 1350 3267 sublimem
1403 3196 1687 3262 Platonis
1738 3195 1818 3262 de
1878 3197 2021 3262 Deo
2068 3196 2441 3264 sententiam
2494 3197 2593 3265 in·

707 3315 1066 3401 telligemus
1124 3327 1294 3381 recte
1321 3359 1345 3395 ‚
1408 3328 1544 3378 tum
1588 3313 1710 3381 hoc
1770 3313 1919 3379 item
1943 3359 1968 3394 ‚
2031 3313 2110 3379 ad
2172 3313 2348 3397 quod
2401 3315 2592 3381 modo

706 3433 1085 3501 accessimus
1104 3478 1128 3511 ‚
1173 3449 1304 3497 non
1350 3432 1559 3497 Deum
1612 3430 1782 3513 apud
1838 3448 1985 3499 cum
2030 3427 2184 3497 boni
2234 3412 2433 3503 ideam
2490 3451 2592 3499 es-

706 3550 830 3630 se,
888 3551 1001 3617 sed
1063 3550 1144 3618 ad
1216 3549 1373 3617 hanc
1435 3548 1633 3622 ideam
1690 3548 1897 3617 Deum
1954 3548 2278 3620 mundum·
2327 3547 2589 3619 forms-

713 3686 811 3734 se.

2438 3784 2593 3853 Dis-

705 4068 712 4075 ·
782 4039 862 4112 (1)
906 4038 1141 4093 Ariatot.
1175 4008 1427 4109 {seraph
1464 4039 1577 4095 HI.
1615 4039 1664 4090 ὃ.
1699 4056 1754 4106 p.
1792 4038 1887 4091 53ι
