2900 4817
1058 495 1419 599 -sse

289 654 535 730 discere
585 675 653 730 et
709 675 927 731 venun
965 663 1182 732 videre
1225 680 1289 733 et
1331 666 1657 751 pristinam
1681 711 1708 748 ‚
1774 665 1903 748 qua
1964 660 2161 734 desti·-

288 777 416 842 tuti
484 797 750 862 summ,
823 777 1187 849 felicitatem
1260 783 1548 852 obtinere
1621 800 1972 867 possumus
2050 785 2160 852 de-

283 912 442 961 nuo.

364 1011 734 1097 Abhorret,
808 1011 1010 1082 fateor
1028 1063 1054 1098 ,
1122 1017 1245 1083 hoc
1308 1017 1609 1103 placitum
1688 1018 1971 1086 Platonis
1989 1065 2015 1100 ‚
2076 1032 2153 1086 ut

280 1128 476 1195 modo
526 1131 661 1198 dixi
681 1177 709 1213 ‚
773 1150 810 1197 a
883 1147 1101 1200 nostra
1149 1134 1644 1221 philosophandi
1708 1134 1954 1204 ratione
1973 1180 2000 1219 ‚
2064 1149 2165 1204 at·

282 1263 459 1328 que,
527 1260 602 1312 ut
663 1248 854 1316 ducta
926 1267 1008 1317 ex
1062 1255 1225 1337 μυθῷ
1274 1251 1389 1319 illo
1454 1253 1536 1320 de
1593 1252 1784 1320 animi
1849 1253 2162 1322 conditio-

283 1379 368 1430 ne
402 1363 672 1447 pristina
722 1381 862 1447 est,
916 1364 1005 1432 ita
1062 1371 1337 1450 poeseos
1391 1368 1623 1436 habere
1673 1369 1872 1455 magis
1899 1416 1924 1450 ‚
1969 1387 2158 1453 quam

274 1478 728 1567 philosophiae
744 1529 772 1565 ‚
814 1480 1093 1550 colorem
1145 1484 1458 1552 videatur.
1548 1486 1675 1554 Sed
1733 1486 1964 1553 habent
2004 1489 2163 1571 poe-

277 1614 381 1666 tae
439 1601 638 1668 multa
661 1646 687 1681 ‚
732 1613 807 1667 ut
859 1599 1003 1684 ipse
1053 1600 1494 1669 animadvertit
1530 1597 1712 1669 Plato
1730 1643 1756 1684 ,
1803 1621 1966 1684 quae
2011 1622 2164 1685 qua·

274 1715 638 1800 liacumque
718 1717 966 1786 tandem
985 1762 1012 1799 ‚
1076 1719 1405 1788 veritatem
1480 1733 1689 1787 tamen
1767 1718 2159 1787 contineant.

278 1843 458 1904 Θεῒον
510 1836 579 1913 32⁸,
599 1881 620 1910 ‚
662 1830 750 1898 ait
771 1878 799 1914 ‚
853 1839 925 1905 τὸ
975 1839 1278 1915 ποιητικὸν
1319 1837 1421 1906 καὶ
1488 1838 1818 1910 §abeas-mbr
1882 1836 1944 1905 ὃν
1986 1837 2159 1915 γένος

276 1953 576 2036 ὑμνῳδοῦν
627 1958 868 2022 πολλῶν
927 1959 1045 2022 τῶν
1105 1957 1247 2022 κατ’
1286 1955 1574 2033 &anbelant
1638 1954 2009 2037 γιγνομένων
2049 1954 2161 2036 ξύν

276 2093 408 2137 τισι
449 2068 662 2152 Χάρισι
698 2068 801 2137 καὶ
840 2065 1126 2144 Melicas&
1158 2070 1513 2155 ἐφάπτεται
1553 2069 1830 2143 §redcat-e.
1855 2066 1921 2116 (⁸)
1962 2067 2160 2156 Quod

278 2180 351 2248 in
393 2181 519 2249 hoc
565 2200 713 2252 sane
753 2182 959 2268 ipsius
997 2182 1297 2268 placitum
1340 2186 1646 2267 quadrare
1685 2186 1935 2252 videtur
1966 2183 2164 2253 maxi·

274 2316 408 2367 me.
497 2300 667 2370 Nam
721 2302 862 2369 sive
911 2300 1165 2385 poetice
1218 2301 1360 2369 sive
1409 2301 1863 2387 philosophice
1887 2346 1912 2383 ,
1974 2316 2161 2369 natu-

276 2438 414 2486 ram
446 2433 622 2485 certe
669 2416 947 2485 hominis
990 2418 1326 2486 declaravit
1366 2437 1445 2485 eo
1503 2418 1979 2504 philosophusz
2024 2436 2160 2485 non

272 2555 428 2604 esse
473 2536 681 2622 ipsius
729 2536 1003 2603 animum
1063 2554 1182 2621 per
1241 2555 1314 2603 se
1369 2555 1642 2604 vacuum
1666 2580 1692 2617 ,
1753 2533 1936 2618 quasi
1984 2532 2157 2601 scili-

272 2670 381 2723 cet
403 2701 431 2737 ‚
498 2653 814 2740 quidquid
866 2655 1121 2721 haberet
1143 2702 1167 2737 ,
1234 2654 1299 2721 id
1353 2655 1644 2739 corporis
1700 2653 1955 2720 deberet
2001 2671 2148 2720 sen-

276 2772 506 2841 sibus:
576 2771 668 2840 sic
718 2770 882 2838 enim
956 2749 1012 2837 si
1076 2789 1177 2866 res
1240 2788 1316 2838 se
1360 2770 1618 2838 haberet
1639 2816 1665 2851 ,
1730 2789 1862 2836 non
1919 2770 2005 2835 ita
2044 2790 2157 2855 ap-

288 2907 355 2959 te
385 2863 395 2873 ’
425 2907 705 2975 vereque
787 2889 867 2956 ad
951 2887 1318 2974 propositas
1402 2887 1929 2971 interrogationes
2012 2905 2160 2956 cum

271 3001 533 3076 senium
606 3007 673 3073 in
732 3006 1060 3089 Menone,
1086 3070 1101 3084 ,
1130 3019 1267 3072 tum
1342 3004 1411 3071 in
1477 3003 1828 3071 Theaeteto
1881 3023 2153 3089 puerum

273 3125 664 3210 respondere
709 3125 1052 3209 potuisse3
1119 3125 1234 3191 sed
1277 3121 1550 3190 animum
1594 3136 1930 3206 nostrum,
1988 3142 2055 3191 ac
2097 3123 2158 3189 si

266 3242 558 3311 nutritus
612 3241 843 3309 fuisset
902 3256 1084 3308 antea
1123 3260 1194 3307 ac
1253 3241 1453 3311 veluti
1491 3254 1713 3325 pastus
1772 3239 1837 3306 in
1873 3223 2156 3308 veritatis

264 3379 541 3446 camp0‚
586 3378 666 3427 eo
707 3377 877 3428 nunc
922 3377 1065 3426 esse
1120 3360 1393 3445 vigore,
1439 3364 1516 3427 ed
1558 3357 1844 3426 discendi
1880 3377 2157 3444 cognos-

264 3457 591 3559 cendique
640 3475 978 3559 facultate,
1031 3489 1105 3542 ut
1133 3518 1160 3557 ‚
1225 3475 1583 3543 admonitus
1643 3475 1895 3541 aliunde
1933 3490 2000 3542 et
2054 3493 2163 3543 ex-

270 3595 517 3661 citatus
539 3638 565 3674 ,
607 3593 747 3677 ipse
783 3611 899 3676 per
952 3611 1025 3659 se
1080 3591 1333 3660 veritati
1375 3593 1649 3659 studeat.
1740 3592 1965 3675 Ipsum
2004 3593 2162 3661 adeo

264 3709 579 3798 placitum
642 3709 727 3775 ita
808 3724 1067 3775 naturae
1124 3708 1421 3794 congruit
1498 3707 1725 3775 mentis
1806 3710 2111 3782 humanae
2132 3759 2160 3794 ‚

144 3822 151 3828 ’
264 3843 349 3897 ut
410 3826 478 3892 in
530 3825 988 3894 recentioribus
1030 3824 1269 3896 fuerint
1328 3825 1670 3894 Platonicis
1695 3873 1720 3910 ,
1766 3829 1878 3913 qui
1922 3829 2164 3895 Home-

2013 4033 2020 4040 ·
2087 3964 2164 4013 ΓΟ

346 4099 436 4172 (ι)
475 4098 611 4171 Leg-
650 4079 765 4155 111.
802 4099 923 4156 682.
949 4102 1019 4158 A.
1090 4181 1097 4188 ι

1192 4202 1251 4274 C
