2900 4817
1404 393 1616 459 ....23
1656 428 1772 444 -.

631 573 921 644 lesccntis
959 570 1343 657 perspiciens
1360 619 1385 655 ‚
1429 572 1806 655 optimarum
1847 589 2051 638 rerum
2092 570 2316 640 studiis
2362 575 2500 657 ple·

630 711 785 760 num
822 708 884 757 et
926 687 1107 771 quasi
1134 687 1520 772 gravidum:
1564 693 1934 767 Ὠδίνεις
1988 693 2186 772 γὰρ,
2237 688 2495 772 inquit,

631 806 676 876 ὦ
734 808 944 890 Φίλε
1001 806 1461 885 esula-uve,
1526 807 1651 873 διὰ
1707 807 1792 874 τὸ
1852 807 1950 887 μὴ
2010 808 2234 880 κενὸς
2293 804 2492 874 ἀλλ’

628 926 1018 1005 ἐγκύμων
1091 919 1337 990 εἶναι.
1450 920 1897 987 Parturis
1976 921 2395 1002 scilicet,
2455 942 2520 986 o·

627 1041 893 1103 amice
926 1038 1457 1116 Theaeteto,
1514 1051 1992 1125 propterea
2051 1036 2279 1124 quod
2335 1058 2526 1106 non-

626 1174 952 1222 vacuus
1020 1174 1151 1238 es,
1210 1150 1352 1220 sed
1395 1170 1936 1242 praegnans.

713 1271 823 1340 Sic
886 1290 1092 1340 sermo
1148 1271 1433 1354 procedit
1487 1270 1593 1337 ille
1616 1316 1640 1350 ‚
1718 1284 1895 1336 totus
1957 1270 2037 1336 ad
2097 1270 2518 1338 excitandum·

633 1390 816 1476 pueri
879 1389 1199 1474 ingenium
1266 1387 1815 1467 accommodatus3
1890 1405 1963 1453 ac
2023 1386 2270 1473 profert
2323 1388 2522 1455 dein--

630 1526 784 1591 eeps
827 1506 1213 1576 Theaetetus
1254 1517 1318 1570 et
1360 1503 1543 1587 quasi
1583 1504 1746 1588 parit
1790 1504 2044 1590 ingenio
2084 1504 2282 1571 varias
2319 1506 2498 1572 iden-

632 1623 824 1690 tidem
884 1620 1179 1689 scientiae
1232 1619 1659 1688 definitiones.
1748 1620 1874 1687 Sed
1923 1621 2112 1687 nobis
2168 1621 2274 1688 hic
2315 1623 2501 1705 paul-

636 1742 830 1825 lisper
892 1739 1387 1806 subsistendum.
1479 1736 1802 1804 Sententia
1858 1738 2022 1804 enim
2082 1737 2230 1804 haec
2275 1738 2503 1805 Socra-

636 1859 759 1939 tiS,
801 1855 1198 1940 paucissimis
1237 1854 1450 1922 verbis
1505 1873 1692 1937 quam
1748 1854 2013 1938 plurima
2077 1868 2139 1919 et
2200 1856 2502 1935 gravissi·

637 1996 735 2046 ma
771 1974 1100 2041 continens
1123 2019 1147 2054 ‚
1211 1972 1520 2057 ejusmodi
1577 1986 1676 2038 est
1698 2003 1734 2052 ,·
1768 1986 1884 2051 ut,
1942 1971 2098 2055 quid
2147 1971 2374 2038 efficiat
2428 1972 2502 2039 in

637 2106 896 2178 pectore
964 2089 1238 2157 hominis
1296 2092 1433 2158 vert·
1474 2108 1697 2168 amor,
1776 2088 2239 2172 percipiendum
2305 2089 2510 2156 nobis

637 2209 929 2297 praebeat
952 2256 978 2290 ,
1048 2222 1177 2273 tum
1254 2206 1508 2272 inducat
1565 2224 1686 2272 nos
1743 2219 1974 2288 sponte
2025 2205 2092 2272 in
2146 2206 2507 2275 Socraticae

637 2325 1002 2409 disciplinae
1036 2324 1338 2390 rationem
1369 2370 1394 2405 ,
1435 2322 1885 2390 nobilissimam
1927 2323 2510 2422 philosophi-am«

641 2450 917 2524 ευτικὺν,
981 2461 1165 2525 quam
1230 2442 1369 2524 ipse
1420 2459 1571 2509 mox
1618 2440 1910 2507 Socrates
1969 2452 2033 2506 et
2088 2440 2499 2523 expositurus

639 2560 991 2628 Theaeteto
1041 2572 1140 2625 est
1188 2571 1254 2624 et
1313 2556 1676 2643 praegnanti
1729 2557 1980 2642 juvenis
2031 2556 2286 2643 ingenio
2324 2558 2502 2627 adhi-

641 2678 916 2746 biturus.
1004 2676 1243 2742 Verum
1300 2688 1532 2758 sponte
1587 2675 1693 2740 hic
1736 2673 2134 2757 quaerimus:
2179 2677 2346 2742 unde
2397 2677 2500 2744 hio

640 2796 708 2862 in
750 2813 952 2880 puero
1004 2794 1139 2862 veri
1196 2792 1417 2862 amor?
1462 2792 1631 2859 unde
1671 2790 1879 2857 hausit
1905 2838 1930 2872 ,
1972 2810 2135 2873 quae
2168 2793 2300 2859 edit
2322 2839 2348 2875 ‚
2403 2812 2505 2861 re-

640 2932 876 2998 sponsa
893 2912 925 2978 2
971 2910 1230 2978 omnino
1289 2909 1444 2993 quid
1501 2905 1737 2976 discere
1784 2922 1883 2976 est
1902 2906 1936 2976 ⁸?
1990 2910 2127 2976 sive
2147 2958 2173 2992 ‚
2217 2931 2341 2994 qua
2384 2912 2504 2979 ho-

642 3048 749 3096 mo
798 3028 1040 3098 ratione
1100 3045 1211 3109 per
1269 3038 1468 3092 semet
1524 2999 1700 3108 ipse‘,
1767 3026 1902 3092 veri
1954 3026 2182 3094 ductus
2237 3047 2444 3094 amore
2469 3077 2498 3112 ,

646 3146 724 3211 ad
778 3143 1286 3234 cognoscendum
1344 3142 1681 3227 procedit?
1748 3144 1920 3211 Haec
1978 3146 2164 3229 prius·
2207 3146 2506 3213 videntur.

643 3260 1058 3347 exploranda,
1126 3278 1360 3342 quam,
1424 3260 1579 3341 quid
1633 3259 1718 3326 sit
1777 3261 2041 3343 docere,
2101 3262 2276 3343 sive,
2339 3281 2504 3345 quae

642 3388 994 3466 μωιευτικῆς
1048 3376 1206 3445 ratio
1261 3377 1389 3458 sit,
1441 3375 1915 3460 investigemus.
2019 3378 2274 3445 Relicto
2315 3379 2506 3464 igitur

637 3516 785 3566 cum
830 3496 1177 3562 Theodoro
1231 3509 1296 3561 et
1346 3494 1606 3561 Socrate
1662 3495 2012 3562 Theaeteto
2037 3543 2060 3577 ,
2106 3495 2504 3582 gravissimas

640 3614 754 3682 has
796 3612 1230 3693 quaestiones⁹
1276 3612 1340 3678 in
1388 3613 1623 3695 quibus
1685 3613 1893 3697 ipsum
1943 3615 2150 3700 agitur
2194 3615 2507 3702 cognitio·

638 3727 741 3793 nis
777 3726 1077 3794 humanae
1120 3729 1324 3796 omnis
1373 3729 1787 3820 principium,
1835 3719 1976 3800 datii
2037 3738 2232 3823 opera
2288 3734 2508 3828 explo-

643 3861 873 3914 remus-

2295 4043 2519 4170 Quid
