2900 4817
999 521 1384 588 ...225-1-

306 682 403 748 bis
450 687 776 768 speluncae
817 690 1201 773 proposuit,
1245 703 1317 754 ut
1345 735 1368 768 ‚
1417 688 1928 769 quemadmodum
1972 705 2138 770 nos,

303 802 525 868 mundo
562 809 764 892 ime?
827 805 1089 886 relicta,
1158 793 1295 889 ipsa
1358 787 1674 872 intuentes
1733 810 1893 891 αὐτῷ
1933 810 2017 890 Τῷ
2058 809 2132 890 νῷ

295 930 527 985 aeterna
572 922 702 988 veri
746 921 1116 1006 exemplaria
1137 968 1160 1002 ,
1226 923 1302 987 ad
1347 922 1478 987 veri
1518 913 1835 988 scientiam
1889 919 2138 986 accede·

297 1051 489 1101 remus
514 1084 537 1118 ,
580 1038 857 1105 doceret.
983 1037 1216 1103 Iccirco
1275 1057 1405 1103 non
1450 1037 1833 1103 retinebatur
1879 1023 2134 1120 magno·

288 1168 432 1232 pere
473 1153 897 1238 philosophus
923 1201 946 1234 ‚
996 1174 1125 1236 quo
1188 1155 1392 1220 minus
1468 1169 1720 1220 naturae
1786 1154 2130 1233 humanae,

288 1284 459 1348 quam
513 1259 829 1337 infinitam
878 1261 1190 1351 habebat,
1255 1261 1597 1355 congruam
1655 1279 1796 1336 ess'e
1862 1268 2132 1335 hominis

283 1379 345 1449 in
403 1386 531 1452 veri
592 1386 863 1454 scientia
908 1375 1417 1470 progressionem
1467 1386 1866 1478 existimaret.
1966 1385 2139 1471 Quin

274 1499 494 1584 etiam,
557 1480 1053 1570 consentaneum
1111 1505 1235 1568 hoc
1277 1495 1556 1587 'prorsus
1597 1504 1876 1569 Platonis
1931 1504 2138 1584 philo-

268 1611 528 1700 sophiae
567 1637 761 1700 esse,
804 1611 1055 1704 exejus
1095 1609 1418 1685 dialectica
1457 1632 1651 1702 patet.
1741 1617 1911 1684 Tota
1941 1619 2135 1703 haec,

274 1744 344 1795 ut
363 1732 693 1822 vidimus5
728 1734 1040 1799 cernendo
1059 1736 1549 1822 iungendoque,
1592 1736 1721 1800 imo
1761 1735 2133 1803 inveniendo

273 1852 698 1935 progreditur.
747 1851 1078 1917 Cernendo
1097 1870 1193 1917 res
1216 1853 1480 1940 declarat
1505 1900 1529 1934 ‚
1544 1853 1861 1938 jungendo
1884 1855 1959 1921 ad
1978 1873 2131 1920 con-

270 1966 609 2035 clusiones.
642 1982 705 2033 et
741 1967 970 2052 judicia
1022 1949 1350 2053 pervenit3
1450 1970 1564 2035 sed
1604 1990 1763 2053 quae
1799 1972 2129 2057 conjunxit

267 2079 605 2150 identidem
626 2131 649 2164 ,
689 2102 916 2148 novam
958 2084 1141 2148 habet
1165 2083 1371 2149 denuo
1411 2086 1771 2167 explorandi
1810 2061 2133 2152 iernendi·

270 2218 393 2282 que
424 2198 749 2268 materiem
776 2245 798 2277 ‚
863 2200 1030 2264 unde
1077 2217 1277 2263 novae
1317 2200 1463 2264 item
1509 2200 1646 2267 sive
1684 2204 2131 2268 conductiones

270 2315 406 2384 sive
423 2314 900 2408 coniunctiones
931 2313 1267 2395 oriuntur,
1302 2331 1368 2380 ut
1394 2316 1749 2383 inveniendi
1773 2335 1886 2383 nec
1907 2321 2131 2398 modus

268 2451 384 2499 nec
430 2432 579 2499 finis
609 2445 905 2514 ‚appareat
927 2430 1061 2511 (1),
1130 2408 1202 2497 In
1242 2432 1340 2498 his
1365 2446 1570 2498 autem
1594 2433 1771 2498 Plato
1808 2450 1938 2499 non
1960 2451 2139 2517 prae-

158 2550 163 2554 ’
267 2563 514 2616 sentem
555 2561 795 2615 tantum
837 2549 993 2614 hanc
1038 2551 1446 2618 eruditionem
1494 2567 1769 2620 nostram
1812 2552 2131 2637 respexit,

268 2667 386 2734 sed
408 2711 432 2745 ‚
476 2684 618 2732 cum
653 2666 1055 2732 immortalem
1091 2685 1231 2731 esse
1269 2667 1537 2732 animum
1577 2681 1912 2751 statueret,
1958 2671 2135 2752 quod

164 2847 171 2853 .
266 2781 341 2848 in
380 2782 506 2847 hoc
539 2800 843 2865 corpore,
884 2801 996 2864 per
1018 2782 1137 2846 hos
1163 2799 1384 2847 sensus
1408 2829 1433 2862 ,
1478 2799 1786 2864 tamquam
1813 2784 2081 2850 nuncios
2105 2831 2131 2865 ‚

266 2895 467 2964 nobis
516 2915 896 2980 cognoscere
940 2916 1072 2963 non
1114 2898 1368 2977 liceret,
1413 2898 1478 2963 id
1516 2895 1762 2966 futurae
1803 2898 1969 2965 vitae
1990 2899 2134 2964 des·

268 3012 541 3092 tinavit:
610 3028 683 3078 ut
726 3012 1186 3096 quodammodo
1237 3015 1533 3094 quadrare
1562 3014 1628 3079 in
1677 3016 1813 3097 eJ'us
1853 3016 2139 3095 philoso-

270 3127 490 3216 phiam
525 3130 802 3195 videatur
822 3176 846 3210 ‚
869 3130 1042 3211 quod
1061 3130 1140 3195 de
1176 3146 1581 3196 monumento
1604 3148 1747 3194 cum
1779 3130 2134 3214 inscriptio·
2221 3147 2228 3152 ·

268 3231 468 3316 nibus
504 3245 1060 3313 Hemsterhusiano
1100 3246 1456 3313 monuimus
1478 3252 1592 3314 m),
1639 3246 1918 3317 Eatenus
1957 3266 2125 3315 nunc

270 3360 535 3450 quidem
570 3381 692 3430 nos
711 3409 736 3444 ‚
780 3378 852 3428 ut
884 3365 989 3429 ille
1021 3362 1146 3443 ait,
1191 3365 1269 3430 de
1290 3382 1500 3430 rerum
1530 3365 1935 3433 universitate
1959 3367 2129 3451 judi·

272 3497 422 3551 case
450 3465 842 3564 possumus·⁹
879 3494 1185 3562 quatenus
1226 3498 1347 3546 nos
1392 3483 1526 3566 eJ'us
1570 3481 1870 3550 certiores
1908 3501 2131 3553 sensus

274 3597 352 3666 hi
387 3597 589 3696 nostri
607 3595 847 3661 faciunt
871 3617 893 3678 3
942 3611 1012 3661 ut
1036 3615 1185 3666 vero
1209 3643 1234 3679 ‚
1280 3598 1496 3664 relicto
1520 3598 1640 3663 hoc
1661 3618 1928 3682 corpore
1955 3650 1980 3683 ,
1998 3603 2129 3669 ani·

278 3733 425 3784 mus
462 3731 576 3798 per
611 3712 767 3777 alios
811 3712 1102 3780 nuncios»
1122 3712 1270 3780 alias
1318 3713 1741 3781 universitatis
1780 3732 1990 3799 partes
2027 3738 2134 3788 ett-

288 3809 301 3814 “
1226 3818 1239 3831 ’
1457 3825 1464 3829 ’
1986 3839 2132 3919 plo-

355 4007 440 4081 (ι)
475 4005 568 4064 cf.
604 4027 740 4080 quae
761 4010 828 4064 de
855 4010 942 4065 his
971 3985 1130 4081 auin-a
1162 4011 1466 4069 monuimus
1479 4008 1616 4069 vol.
1639 4012 1719 4068 11.
1748 4010 1811 4065 Ρ.
1837 4011 1919 4067 11.
1939 4033 1995 4085 p.
2019 4012 2134 4072 163.

297 4107 307 4116 ”
355 4106 440 4180 (2)
477 4107 552 4167 V·
581 4121 746 4181 nupta
780 4127 839 4182 p·
863 4127 981 4168 ιιι.

300 4213 311 4248 τ
346 4237 355 4248 ,
698 4205 711 4268 3
868 4203 873 4210 ’
1191 4210 1241 4278 Ρ
