2900 4817
974 495 1414 582 ιιι-63...

312 672 425 752 qui
484 671 692 756 ipsum
747 673 860 742 has
905 673 1032 740 illis
1071 693 1271 760 nugas
1320 673 1703 745 auferentem
1764 677 2181 763 reiieientetnd

312 809 471 872 que,
534 805 776 856 tantum
830 809 962 860 non
1003 794 1407 860 morderent.
1515 794 1640 861 Sed
1694 795 1883 864 iidem
1909 843 1935 878 ‚
1996 812 2181 882 post·

311 929 495 990 quam
573 909 757 992 plane
831 924 1008 976 erant
1079 913 1480 996 perplui-gari,
1547 926 1724 982 tanto
1795 916 2176 1000 semetipsos

307 1028 462 1094 odio
504 1027 811 1096 habebant
830 1075 854 1108 ‚
901 1039 1140 1122 quanto
1177 1030 1351 1096 illum
1405 1030 1697 1098 colebant
1750 1051 1986 1101 amore.
2072 1034 2182 1100 In·-

308 1146 727 1231 dignabantur
768 1147 934 1214 enim
959 1194 983 1228 ‚
1044 1148 1298 1226 tamdiu
1335 1167 1407 1215 se
1458 1137 1818 1234 torpuisse,
1858 1150 2186 1242 vitamque

305 1283 378 1332 se
413 1265 619 1331 adhue
660 1264 910 1350 degisse
972 1264 1287 1350 indignam
1340 1265 1594 1351 ingenio
1649 1285 1799 1333 su0.
1888 1267 2039 1354 Quo
2075 1285 2188 1337 ve·

314 1402 385 1450 ro
424 1381 730 1466 abjectius
778 1384 858 1449 de
901 1383 1258 1466 semetipsis
1289 1382 1687 1463 sentiebant,
1732 1403 1807 1448 eo
1850 1384 1930 1450 de
1962 1388 2186 1454 socra-

313 1511 376 1565 te
416 1497 914 1584 magnificentius
948 1498 1429 1566 existimabant:
1479 1517 1744 1583 quoque
1800 1500 2012 1569 minus
2050 1502 2184 1569 sibi

311 1633 450 1684 esse
501 1615 841 1698 videbant,
911 1616 1086 1697 quod
1141 1615 1298 1699 ipsis
1343 1616 1703 1698 sufficeret,
1748 1636 1827 1683 eo
1866 1619 2184 1688 ardentius
2294 1597 2305 1606 ‘

311 1735 842 1818 amplectebantur
888 1752 1029 1799 eum
1056 1780 1081 1814 ‚
1128 1747 1198 1800 ut
1237 1733 1361 1799 hoc
1399 1735 1726 1818 explerent
1767 1733 2139 1802 desiderium
2159 1781 2186 1817 ‚

307 1872 520 1936 eoque
557 1853 733 1919 illum
790 1851 1076 1918 amabant
1122 1851 1600 1919 vehementius:
1648 1871 1920 1918 amorem
1969 1851 2186 1934 enim,

312 1973 391 2038 de
429 1971 744 2040 Diotimae
781 1971 1087 2037 sententia
1109 2015 1134 2050 ,
1181 1969 1523 2055 indigentia
1561 1970 1748 2054 parit.
1837 1970 2189 2055 Huiusmo*

309 2089 375 2154 di
411 2103 512 2155 est
548 2102 616 2155 et
648 2089 793 2154 hinc
841 2086 1266 2173 proficiscitur
1304 2088 1759 2171 discipulorum
1814 2107 1959 2173 erga
2011 2109 2189 2175 prae-

310 2220 633 2288 ceptorem
693 2223 870 2270 amor
891 2251 917 2286 ‚
988 2205 1191 2287 qualis
1255 2206 1545 2273 Socrates
1608 2205 1778 2275 fuit:
1846 2207 1940 2275 sic
2017 2224 2190 2276 certe

315 2321 527 2406 ipsum
590 2323 910 2389 Socratem
974 2322 1252 2404 amavit,
1318 2339 1392 2389 ut
1434 2325 1626 2390 modo
1680 2324 2015 2392 confessus
2053 2341 2187 2409 est,

312 2441 798 2526 Apollodorus,
867 2441 980 2523 qui
1027 2440 1105 2507 ab
1171 2442 1296 2510 hoc
1350 2441 1582 2508 amoris
1638 2439 1857 2508 furore
1906 2443 2091 2527 plane
2124 2457 2192 2509 et

313 2559 745 2628 enthusiasmo
786 2564 1034 2643 μανικὸς
1075 2559 1374 2643 appellari
1415 2559 1683 2626 solebat.
1735 2557 1798 2602 (¹)

395 2676 651 2763 Quodsi
708 2677 831 2761 jam
897 2677 977 2742 de
1027 2694 1105 2742 eo
1174 2677 1581 2759 quaerimu8‚
1649 2679 1825 2760 quod
1867 2677 2016 2743 item
2068 2675 2189 2743 So·

312 2811 509 2862 crates
572 2794 639 2860 in
702 2795 807 2864 illa
861 2804 1212 2877 μαιευτικῆς
1282 2794 1712 2877 descriptione
1769 2792 2135 2859 memoravit
2159 2839 2187 2874 ‚

318 2914 430 2996 qui
498 2913 863 2980 accederent
911 2912 991 2977 ad
1046 2911 1301 2995 ipsum,
1389 2911 1618 2977 horum
1687 2909 1959 2992 primum
2028 2927 2192 2976 non·

313 3032 523 3098 nullos
567 3049 864 3114 perquam
913 3028 1092 3098 visos
1162 3047 1306 3095 esse
1357 3028 1607 3115 ignaros
1628 3075 1652 3109 ‚
1716 3046 1936 3093 omnes
1956 3077 1963 3084 .
1983 3046 2137 3095 vero
2157 3061 2186 3110 ‚-

313 3149 694 3234 procedente
749 3167 871 3214 usu
929 3161 994 3213 et
1045 3146 1551 3229 consuetudine,
1618 3144 1676 3211 si
1739 3144 1988 3227 quidem
2047 3146 2191 3212 dae-
2278 3194 2292 3210 ,

311 3266 593 3333 monium
635 3265 905 3345 sineret,
948 3264 1263 3331 mirabiles
1301 3263 1548 3331 'fecisse
1590 3281 2004 3348 progressu8‚
2045 3268 2190 3336 θωυ-

314 3388 511 3468 μιςὸυ
550 3383 678 3454 ὅσον
719 3386 1119 3459 ἐπιδιδόντας
1167 3381 1235 3429 <²³
1301 3383 1425 3448 hoc
1493 3381 1641 3448 item
1713 3400 1794 3447 ex
1868 3378 2190 3446 Socratica

315 3515 573 3567 naturae
629 3499 931 3570 humanae
975 3498 1418 3565 observatione
1453 3496 1720 3563 efficitur
1758 3493 1964 3561 facile.
2022 3490 2189 3561 Natii

297 3616 643 3715 purgando
712 3617 921 3684 animo
985 3615 1437 3697 liberandoque
1491 3612 1805 3696 perversis
1870 3612 2192 3698 opinioni·

310 3736 434 3802 bus
457 3782 482 3816 ‚
565 3754 713 3802 cum
769 3733 932 3801 viam
990 3731 1346 3799 recludebat
1398 3729 1904 3798 adolescentibus
1977 3732 2187 3798 omnis

311 3850 609 3924 scientiae
643 3865 708 3916 et
748 3849 1008 3922 virtutis
1031 3897 1057 3930 ‚
1099 3864 1233 3916 tum
1288 3849 1413 3933 ipsi
1465 3849 1533 3914 in
1594 3848 1707 3914 hac
1764 3847 1867 3916 via
1901 3865 2033 3915 non
2066 3865 2189 3932 po·

1974 3983 1983 3992 '
2094 3978 2189 4033 te·

389 4085 474 4156 (ι)
513 4083 703 4156 55:121».
738 4060 951 4155 2761).
1091 4083 1173 4156 (ι)
1211 4081 1438 4140 ‘rho-et.
1470 4081 1685 4140 2⁵01).
1732 4128 1739 4136 .
1933 4079 1950 4134 .·
2166 4105 2199 4162 τὴ
