2900 4817
1119 475 1506 543 ...133-

365 644 511 709 dum
533 662 542 671 ·
567 641 802 709 nostris
868 613 1273 725 philosophis
1323 652 1465 719 est,
1512 639 1686 721 quod
1727 652 1893 704 nunc
1950 636 2026 701 iis
2081 636 2221 705 cedi

364 762 532 828 solet
552 807 575 841 ‚
620 766 689 832 τὸ
726 764 908 831 αὐτοῦ
952 760 1309 840 καταμένειν
1356 760 1456 824 καὶ
1506 759 1593 838 μὴ
1634 756 1846 823 ἐθέλειν
1883 756 2070 824 πάλιν
2104 779 2217 821 κα·

362 882 674 963 ταβαίνειν
705 883 846 962 παρ’
883 880 1129 951 ἐκείνους
1171 879 1308 949 τοὺς
1351 877 1660 956 δεσμώταις
1677 923 1697 947 ,
1741 852 1895 954 mio}
1931 874 2221 953 μετέχειν

361 1004 475 1066 τῶν
515 1001 658 1079 παρ’
692 997 924 1069 ἐκείνοις
960 996 1143 1062 πόνων
1187 1019 1258 1062 τε
1299 993 1398 1060 καὶ
1460 998 1646 1073 τιμῶν
1667 1036 1691 1070 ‚
1736 992 1857 1058 εἴτε
1910 990 2218 1072 <Daulida-s·

359 1138 453 1197 pou
472 1158 497 1192 ,
560 1115 682 1181 εἴτε
743 1113 1209 1193 σπουδαιότεραι·
1270 1123 1342 1174 ut
1365 1089 1378 1103 ’
1401 1107 1535 1172 illic
1592 1123 1888 1171 maneant
1952 1125 2059 1170 neo
2114 1101 2220 1168 do·

355 1227 642 1294 scendet-o
713 1227 909 1291 denuo
966 1223 1059 1291 ad
1106 1225 1241 1291 illos
1282 1228 1557 1312 captivos
1630 1223 1824 1290 velint
1884 1243 1992 1286 nco
2051 1220 2222 1286 labo·

282 1379 294 1389 »
359 1362 501 1407 rum
564 1348 825 1408 istorum
879 1344 1296 1427 honorumque
1322 1387 1344 1419 ‚
1431 1345 1558 1406 sive
1608 1342 1853 1405 viliores
1910 1343 2036 1404 sint
2092 1341 2218 1404 sive

358 1458 782 1524 honoratiores
806 1503 830 1538 ‚
871 1460 1209 1543 participes
1277 1478 1421 1522 esse.
1473 1456 1561 1517 (ι)
1647 1455 2004 1521 Socraticus
2046 1472 2220 1519 nem-

362 1593 445 1657 pe
482 1575 908 1657 philosophus
958 1575 1133 1639 Plato
1181 1572 1347 1653 fuit,
1396 1573 1570 1655 quod
1619 1572 1956 1638 identidem
2013 1571 2075 1635 in
2120 1572 2218 1637 his

358 1691 909 1774 disquisitionibus
980 1704 1045 1756 et
1102 1709 1550 1774 saepenumero
1619 1688 2214 1771 animadvertimus,

348 1822 414 1875 et
464 1808 754 1893 quamvis
795 1810 933 1893 ipse
974 1807 1242 1875 subinde
1298 1808 1484 1874 altius
1529 1808 1821 1888 tendere,
1867 1826 2049 1888 quam
2102 1806 2220 1871 So·

359 1924 584 1989 cratica
641 1924 798 1988 ratio
856 1922 1092 2004 ferret,
1135 1923 1496 2003 videretur,
1540 1938 1743 1988 tamen
1767 1969 1790 2003 ‚
1836 1923 1889 1987 si
1932 1921 2221 2006 philoso-

357 2040 562 2123 phiam
610 2039 771 2120 viri,
817 2039 872 2105 si
928 2040 994 2111 id
1030 2040 1202 2121 quod
1248 2056 1606 2106 constanter
1645 2055 1708 2104 et
1759 2054 2063 2123 perpetuo
2116 2057 2216 2104 se-

357 2174 545 2224 cutus
605 2173 746 2237 est,
793 2157 851 2223 si
907 2155 1108 2240 ipsam
1148 2157 1306 2221 hanc
1351 2157 1566 2221 mundi
1619 2162 1820 2235 νοητοῦ
1863 2155 2030 2237 apud
2066 2171 2210 2219 eum

357 2271 842 2353 descriptionem
918 2286 1271 2352 spectamus
1296 2315 1320 2349 ,
1383 2286 1515 2333 non
1593 2286 1967 2353 magnopere
2024 2266 2213 2333 nobis

354 2388 721 2455 discessisse
771 2407 805 2453 a
870 2371 1154 2471 magistri
1190 2387 1497 2454 sententia
1536 2406 1606 2452 ac
1657 2386 1993 2470 propo-ito
2044 2387 2219 2452 vide-

354 2505 552 2573 bitur.
642 2504 865 2571 Refert
910 2480 1112 2587 ⁸piane
1164 2506 1313 2587 haec
1357 2504 1701 2588 descriptio
1742 2504 2213 2589 philosophiam

352 2625 755 2690 Socraticam.
844 2623 1008 2688 Nam
1050 2623 1224 2687 abest
1280 2636 1560 2705 tantum,
1622 2638 1692 2687 ut
1738 2642 1897 2705 quae
1936 2624 2220 2708 prodidit

355 2742 420 2807 in
488 2739 592 2805 illa.
635 2757 853 2803 auctor
915 2739 992 2805 de
1055 2738 1290 2802 mundo
1353 2747 1574 2824 νοητῷ,
1644 2742 2211 2824 metaphysicorum

355 2854 617 2920 somniis
655 2851 1060 2917 adscribenda
1107 2852 1274 2932 sint,
1322 2868 1393 2918 ut
1438 2855 1513 2918 ad
1560 2858 1848 2922 tuendam
1893 2858 2213 2926 veritatem

356 2971 783 3054 optimamque
863 2969 1319 3035 institutionem
1393 2974 1937 3037 commendandam
2031 2976 2215 3042 unice

356 3089 743 3173 pertineant;
809 3087 1096 3154 Socrates
1178 3101 1381 3153 autem
1446 3089 1600 3170 quid
1660 3091 1788 3176 egit
1846 3110 1959 3174 per
2016 3107 2212 3158 totam

355 3205 547 3272 vitam
625 3206 820 3289 magis
886 3206 1454 3287 constantiusque,
1524 3226 1706 3288 quam
1772 3224 1838 3273 ut
1883 3224 2213 3292 utramque

356 3322 781 3407 proveheret?
848 3323 968 3387 Vel
1031 3322 1216 3388 fallor
1271 3323 1558 3409 equidem
1586 3371 1611 3400 ..
1654 3327 1757 3393 vel
1801 3325 1866 3395 in
1907 3325 2046 3408 ipsa
2102 3327 2211 3392 hac

356 3441 775 3523 descriptione
838 3440 1016 3507 Plato
1072 3442 1343 3508 Socratis
1401 3441 1502 3508 sui
1577 3442 1902 3523 meminit,
1972 3444 2078 3508 ubi
2139 3445 2219 3510 de

354 3557 757 3643 pbilosophis
800 3571 1051 3641 narrat,
1109 3560 1220 3640 qui
1276 3560 1340 3625 in
1383 3575 1629 3626 antrum
1692 3561 1925 3628 reversi
1978 3581 2049 3629 ac
2089 3565 2220 3629 sol·

357 3670 507 3744 vere
565 3676 852 3759 captivos
909 3677 1295 3744 et·educere
1346 3678 1493 3744 inde
1550 3679 1797 3756 conati,
1850 3678 1943 3744 sic
1998 3680 2221 3763 displi-

350 3809 494 3863 cent
547 3792 862 3876 captivis,
923 3809 992 3859 ut
1036 3794 1103 3861 hi
1142 3794 1283 3861 illos
1309 3843 1332 3877 ‚
1375 3799 1551 3873 ἐπως
1594 3802 1653 3868 ἐν
1712 3809 1846 3876 ταῖς
1887 3798 2063 3885 χερὲνὶ
2121 3803 2226 3868 δύ·

369 3992 378 3997 ,
2061 3944 2216 3989 νεων-

424 4045 516 4114 (ι)
556 4042 759 4100 Eodem
791 4046 912 4120 ⁵¹9·
950 4047 1024 4102 D.
