2900 4817
264 645 393 739 bis
420 647 812 720 verissimum
840 663 1001 734 est,
1043 648 1145 718 bis
1193 651 1329 716 duo
1363 665 1507 718 esse
1547 661 1859 744 quatuor,
1903 657 2144 733 partem

267 779 426 836 toto
476 766 781 836 minorem
841 784 983 834 esse
1002 813 1030 849 ,
1071 765 1295 836 similia
1345 766 1577 833 omnia.
1706 765 1863 834 Inde
1912 765 2144 836 veritas

274 881 353 950 in
409 881 601 966 rebus
671 881 1091 952 arithmeticis.
1149 898 1213 952 et
1280 881 1677 969 geometricis
1699 930 1725 965 ‚
1775 901 1940 967 quae
1990 882 2153 950 nulli

275 998 664 1074 dubitationi
707 998 978 1065 obnoxia
1013 1014 1150 1070 est:
1216 1000 1489 1083 indeque
1526 1000 1789 1082 accidit,
1833 1014 1950 1082 ut,
1971 979 2156 1083 -quae

281 1112 633 1204 mechanici
699 1126 769 1180 et
830 1115 1177 1181 astronomi
1235 1116 1502 1198 antiquo
1519 1158 1546 1196 ,
1601 1113 2015 1199 inprimisque
2061 1129 2161 1182 re-

285 1230 574 1298 centiore
608 1247 767 1297 aevo
798 1243 1161 1313 repererunt
1182 1277 1207 1313 ,
1252 1231 1406 1298 adeo
1450 1230 1582 1300 sint
1621 1249 1766 1300 vera
1788 1276 1812 1312 ,
1855 1244 1928 1297 ut
1959 1249 2044 1298 ex
2078 1230 2158 1298 iis
2244 1292 2249 1296 .

290 1345 490 1438 hodie
543 1366 750 1414 rerum
798 1347 1166 1416 coelestium
1226 1362 1482 1415 constet
1541 1347 1700 1416 ratio
1722 1394 1750 1430 ,
1811 1363 1878 1415 et
1922 1346 2168 1433 praedi·
2254 1429 2260 1442 ι

293 1478 445 1531 cant
488 1478 628 1530 tuto
670 1464 1056 1548 astronomi,
1105 1484 1266 1556 quae
1309 1465 1388 1530 ad
1441 1464 1711 1549 eclipses
1765 1463 1926 1532 solis
1973 1476 2169 1548 atque

294 1584 485 1672 lunae
564 1597 627 1647 et
687 1595 1067 1648 cometarum
1141 1579 1412 1650 reditum
1482 1581 1846 1667 pertinent,
1925 1580 2164 1650 omnia.

300 1699 380 1793 Id
426 1699 619 1786 igitur
655 1698 888 1766 vetitas
927 1699 1107 1783 apud.
1135 1700 1457 1780 Platonem
1506 1712 1632 1769 est.
1717 1699 1858 1768 Nec
1898 1696 2170 1766 refertur

304 1817 465 1900 haec
506 1816 718 1884 solum
773 1816 850 1884 ad
903 1816 1015 1883 has
1073 1814 1502 1899 quantitatis,
1542 1813 1858 1899 qualitatis
1907 1814 2175 1882 similes-

310 1954 438 2020 qne
489 1934 828 2001 notiones:
916 1934 996 2000 de
1045 1933 1235 1999 rebus
1278 1931 1471 1999 bonis
1524 1945 1589 1999 et
1636 1931 1814 1999 malis
1837 1978 1863 2014 ‚
1905 1931 1986 1999 de
2013 1932 2174 2018 „pui-

308 2052 435 2136 ctis
476 2068 540 2119 et
581 2050 918 2136 turpibus,
959 2051 1038 2116 de
1078 2049 1269 2134 justis
1310 2062 1374 2115 et
1427 2048 1680 2134 injustis
1723 2048 2009 2116 similiter
2055 2067 2179 2117 nos

314 2185 466 2246 vere
514 2165 933 2251 pronunciare
972 2163 1231 2232 statuite
1279 2166 1472 2234 modo
1513 2164 1721 2249 ipsum
1760 2164 1998 2232 bonum
2015 2211 2042 2247 ,
2083 2164 2184 2252 ip-

318 2303 462 2370 sum
514 2285 757 2368 justum
801 2282 1263 2364 pulcrumque,
1327 2279 1505 2362 quod
1557 2279 1671 2346 uni
1725 2279 1917 2367 menti
1966 2293 2180 2363 patet,

319 2399 552 2476 Intueri
594 2415 785 2482 atque
822 2396 904 2463 ad
943 2394 1101 2464 illud
1153 2393 1402 2482 exigere
1440 2413 1543 2463 res
1599 2397 1788 2464 hasce
1830 2413 2050 2464 omnes
2091 2396 2190 2464 di-

321 2515 680 2584 dicerimus.
2265 2501 2272 2506 ’

344 2679 359 2710 s
413 2631 541 2700 Sed
589 2631 755 2700 aliud
806 2644 904 2697 est
953 2647 1105 2699 vere
1146 2632 1225 2699 de
1266 2631 1454 2699 rebus
1490 2631 1765 2717 iudicare
1798 2650 1871 2700 ac
1906 2650 2195 2718 pronun-

329 2750 533 2830 ciare,
571 2749 737 2816 aliud
753 2795 779 2831 ‚
827 2752 1117 2830 veritam
1165 2762 1580 2816 consecutum
1637 2753 1962 2817 scientiam
2022 2769 2190 2820 esse.

336 2864 782 2946 confuderunt
834 2865 986 2934 haec
1030 2863 1182 2932 -fete
1241 2864 1647 2949 philosophia
1707 2879 1773 2932 et
1827 2864 1975 2932 inde
2025 2879 2198 2934 tanta

339 2984 444 3051 illa
470 2981 864 3066 quaestionis
884 3030 908 3065 ,
950 2981 1110 3069 quid
1161 2997 1253 3050 cst
1307 2963 1600 3051 veriias?
1651 2981 2004 3052 difficultas.
2089 2981 2198 3050 Ad

337 3104 657 3184 solentiam
725 3099 864 3180 sive
918 3098 1054 3166 veri
1094 3099 1248 3166 sive
1298 3105 1404 3170 τοῦ
1458 3100 1619 3176 ὄντος
1659 3112 1820 3181 quot
1866 3111 1931 3165 et
1975 3112 2206 3181 quanta

342 3216 778 3304 teqatitantur,
820 3209 1173 3283 enumerati
1200 3214 1311 3282 vix
1346 3214 1594 3299 possin
1642 3213 1884 3283 homini
1924 3228 2099 3282 certe
2127 3214 2206 3283 ad

343 3352 491 3416 eam,
516 3334 702 3418 piene
743 3333 1246 3416 consequendam
1297 3331 1562 3400 facultas
1620 3334 1822 3400 deest.
1911 3331 2211 3417 Requiri-

348 3466 450 3519 tur
484 3470 605 3533 ee,
660 3464 735 3517 ut
793 3449 905 3518 has
963 3450 1258 3517 notiones
1317 3468 1538 3518 omnes
1561 3497 1586 3533 ,
1662 3469 1822 3533 quas
1883 3449 2154 3520 diximus
2177 3447 2240 3534 ,'

349 3583 470 3646 tam
531 3586 721 3652 puras
777 3566 1216 3651 perfectasque
1274 3566 1482 3634 animo
1524 3581 1748 3634 nostro
1787 3583 2208 3654 repraesente-

350 3705 532 3767 mw,
580 3700 651 3753 ut
714 3683 780 3751 in
835 3685 1025 3751 rebus
1075 3683 1423 3769 judicandis
1482 3682 1617 3751 falli
1668 3703 1800 3753 non
1860 3685 2209 3769 possimus.

260 3855 265 3860 .
353 3804 496 3896 Huc
571 3802 754 3880 multi
819 3800 1277 3868 contenderunt
1346 3801 1521 3868 omni
1581 3816 1816 3872 aetate:
1873 3803 2062 3887 quod
2134 3819 2216 3870 ex

357 3920 665 4016 industria
700 3919 1432 4004 ,diligentiaque-patet,
1480 3921 1604 4000 qua
1649 3922 1985 3986 criterium
2032 3927 2217 4000 vert,

363 4041 638 4128 itemque
674 4036 881 4120 pulcri
930 4050 994 4101 et
1043 4034 1195 4100 boni
1219 4082 1244 4118 ‚
1290 4035 1402 4103 sed
1433 4034 1768 4120 praecipue
1800 4038 1941 4102 vari
1969 4035 2224 4117 assequi

2077 4166 2230 4221 sunt
