2900 4817
1473 472 1823 537 —60—

704 673 858 725 vere
904 657 989 724 sit
1040 654 1377 738 pulcrum,
1438 670 1589 720 vere
1631 652 1716 718 sit
1778 654 2016 720 bonum
2052 653 2466 738 justumque,
2509 668 2581 724 et

701 776 949 857 qualem
987 789 1130 840 esse
1164 784 1458 854 oporteat
1517 770 1722 836 virum
1786 771 2025 836 bonurn
2076 785 2141 838 et
2201 771 2573 857 sapientem.

701 889 970 978 Quaerit
1006 888 1257 972 quidem
1298 888 1404 955 ille
1440 885 1794 954 formosum
1833 887 2180 955 continuo:
2225 907 2366 955 nam
2420 889 2578 971 quid

700 1009 930 1091 pulcro
969 1019 1069 1072 est
1111 1001 1489 1072 amabilius?
1531 1019 1597 1071 et
1641 1023 1799 1071 vero
1854 1005 2057 1088 pulcri
2107 1006 2411 1090 adspectu
2461 1025 2579 1074 ve·

704 1123 911 1189 ritatis
966 1122 1351 1206 virtutisque
1399 1139 1574 1188 arnor
1628 1121 1915 1205 inprimis
1974 1123 2382 1206 accenditur3
2459 1123 2574 1191 sed

702 1240 1145 1323 qualicumque
1181 1239 1267 1304 sit
1306 1238 1412 1304 ille
1452 1238 1656 1308 forma
1678 1285 1703 1319 ‚
1748 1238 1990 1306 etiamsi
2046 1241 2148 1306 vel
2188 1241 2434 1308 Socrati
2491 1243 2578 1308 sit

700 1354 922 1421 similis
947 1402 972 1436 ‚
997 1353 1317 1421 suffecerit
1337 1400 1359 1435 ,
1381 1353 1759 1435 dummodo,
1808 1369 1879 1419 ut
1922 1355 2211 1422 Socrates
2233 1402 2257 1438 ‚
2284 1357 2455 1424 intus
2490 1359 2580 1424 sit

695 1472 943 1557 pulcer.
1031 1470 1199 1537 Nam
1245 1470 1448 1553 turpis
1500 1470 1743 1536 animus
1812 1488 1944 1536 non
1997 1489 2267 1554 corpore
2317 1470 2390 1537 fit
2441 1470 2579 1538 for·

699 1603 918 1654 mosus
945 1633 969 1669 ‚
1023 1587 1137 1653 sed
1174 1586 1419 1652 animus
1478 1586 1534 1652 si
1602 1587 1686 1652 sit
1738 1588 2005 1671 pulcer,
2070 1602 2338 1655 taetrum
2393 1591 2581 1657 etiam

696 1683 936 1788 corpus
989 1703 1338 1772 formosum
1399 1703 1624 1769 reddit.
1711 1703 1952 1789 Quidni
2006 1703 2200 1787 igitur
2251 1706 2374 1772 hoc
2431 1721 2578 1793 agat

698 1822 841 1890 data
881 1824 1076 1905 opera
1121 1819 1597 1904 philosophus,
1658 1819 1762 1885 cui
1827 1820 2149 1894 hominum
2210 1824 2422 1889 cultus
2465 1844 2579 1890 cu-

697 1958 803 2007 rae
838 1936 1143 2020 cordique
1195 1950 1334 2018 est,
1394 1950 1469 2003 ut
1523 1936 1821 2030 conciliet
1867 1939 2370 2007 adolescentibus
2412 1960 2581 2007 ama-

696 2057 878 2136 sios,
941 2054 998 2121 si
1063 2054 1315 2138 quidem
1369 2054 1495 2138 ipsi
1565 2055 1841 2140 reperire
1894 2055 2120 2143 dignos
2176 2075 2298 2123 suo
2358 2049 2574 2124 studio

697 2191 826 2240 non
878 2172 1255 2256 potuerint?
1301 2171 1702 2240 Conciliandi
1750 2189 1956 2240 autem
2011 2173 2138 2240 illis
2188 2176 2343 2241 tales
2378 2190 2572 2257 sunt,

698 2292 918 2375 quales
963 2290 1244 2374 ipsorum
1297 2304 1560 2357 naturae
1609 2291 2027 2371 conveniant,
2088 2304 2158 2356 ut
2218 2309 2295 2356 ex
2342 2289 2575 2358 studiis

699 2407 1231 2490 sermonibusque
1289 2408 1576 2489 mutuis,
1652 2426 1731 2475 ex
1790 2409 2110 2474 communi
2177 2408 2571 2494 ingeniorum

698 2522 1078 2591 commercio
1120 2538 1186 2588 et
1225 2523 1686 2590 consuetudine
1733 2523 1986 2589 inventa
2009 2570 2033 2603 ‚
2079 2537 2387 2605 tamquam
2440 2522 2580 2591 foe-

699 2658 845 2721 tus,
892 2639 1131 2723 optima
1167 2654 1529 2707 nascantur.
1618 2641 1769 2721 Sic,
1813 2640 2024 2707 indole
2059 2656 2389 2724 perspecta
2426 2641 2582 2708 ado·

693 2757 1067 2839 lescentiae‚
1110 2758 1400 2823 lenonem
1436 2776 1510 2824 se
1543 2755 1782 2824 ferebat
1820 2757 2112 2824 Socrates
2149 2758 2567 2842 ingeniorum.

700 2876 865 2944 Nam
908 2876 1030 2942 hoc
1074 2876 1363 2957 tenebat,
1409 2876 1582 2957 quod
1634 2874 1820 2941 nobis
1859 2875 2320 2958 Eryximachus
2372 2893 2574 2958 expo·

618 3061 627 3068 ,
699 2994 869 3074 suit,
917 2987 979 3033 (¹³
1024 2991 1330 3075 optimum
1392 3010 1537 3059 esse
1576 2991 1926 3073 medicum,
1971 2991 2082 3074 qui
2129 2991 2416 3075 corporis
2464 3011 2600 3076 aps

701 3107 1007 3193 petitibus
1051 3108 1237 3173 bonis
1275 3107 1629 3192 indulgeret
1668 3109 2158 3190 alimentumque
2207 3108 2574 3193 praeberet,

700 3226 899 3296 malos
933 3225 1222 3291 tolleret:
1270 3224 1506 3309 pariter
1562 3239 1770 3292 autem
1828 3226 2038 3292 animo
2086 3225 2261 3292 illum
2315 3227 2575 3312 prospi-

698 3319 842 3411 cere
887 3341 1130 3428 optime
1176 3342 1679 3427 philosophum,
1739 3343 1892 3424 qui,
1937 3342 2149 3427 pravis
2199 3341 2579 3410 libidinibus

699 3462 997 3530 alimento
1030 3460 1282 3526 sublato
1305 3506 1330 3540 ‚
1373 3458 1569 3525 amori
1614 3458 1804 3526 insito
1845 3457 1978 3526 veri
2022 3460 2358 3545 pulcrique
2396 3460 2578 3529 unice

703 3577 1188 3663 gratificaretur:
1222 3576 1503 3660 fierique
1548 3577 1669 3644 hoc
1723 3577 2049 3662 aptissime
2098 3580 2577 3661 certissimeque

702 3692 890 3764 bonis
938 3711 1082 3757 cum
1132 3693 1320 3761 bonis
1355 3695 1811 3779 conjungendis
1869 3708 1933 3760 et
1974 3715 2097 3761 suo
2140 3696 2373 3778 cuique
2410 3716 2576 3762 ama-

703 3809 805 3879 sio
845 3805 1264 3876 conciliando.
1357 3810 1483 3880 Sed
1538 3810 1700 3880 idem
1751 3811 2085 3898 Socrates,
2131 3827 2200 3878 ut
2253 3813 2366 3881 hac
2404 3813 2586 3898 inge-

2444 3929 2584 3998 nio-

781 4042 861 4117 (ι)
903 4041 1089 4115 Symp·
1127 4044 1223 4130 ιβ]
1260 4041 1336 4100 D'.
2567 4021 2576 4026 -
