2900 4817
1481 467 1842 532 ...44-

722 640 789 695 et
832 626 1075 713 singula
1133 630 1218 712 ita
1272 646 1335 697 et
1371 627 1635 698 dicimus
1666 646 1728 698 et
1763 649 2056 699 sermone
2100 631 2459 703 definimus.
2506 675 2599 690 --

715 745 1003 818 Dicimus
1073 767 1246 817 sane.
1289 783 1385 802 -·
1423 750 1628 833 Atqui
1665 765 1728 817 et
1760 751 1968 835 ipsum
2010 753 2297 835 pulcrum
2357 769 2421 820 et
2476 755 2602 820 bo·

628 887 634 894 ·
717 881 872 964 num
938 863 1144 949 ipsum
1191 878 1268 936 ‚et
1327 866 1581 948 omnia,
1645 886 1804 949 quae
1847 882 1998 933 tunc
2047 884 2118 935 ut
2168 861 2369 937 multa'
2425 870 2597 937 dixi-

715 999 900 1061 mus,
944 1000 1165 1048 rursus
1217 983 1295 1050 ad
1332 1003 1518 1050 unam
1584 986 1778 1050 ideam
1819 984 2159 1052 referentes
2187 1033 2211 1067 ‚
2256 986 2368 1067 id,
2417 988 2595 1069 quod

714 1101 1218 1182 unumquodque
1285 1115 1428 1178 est,
1521 1103 1949 1186 appellamus‘t
2045 1116 2108 1167 et
2164 1093 2263 1168 illa
2337 1103 2587 1185 quidem

709 1216 881 1281 cerni
935 1216 1237 1300 dicimus,
1304 1237 1435 1284 non
1480 1197 1743 1305 intelligi
1771 1267 1794 1301 ,
1831 1220 2006 1314 ,ideas
2055 1239 2210 1287 vero
2277 1217 2585 1305 intelligi,

713 1351 844 1398 non
901 1334 1098 1401 cerni.
1165 1373 1255 1388 —
1316 1334 1640 1414 Omnino.¹
1689 1374 1779 1390 -
1841 1337 1993 1424 Quo
2056 1336 2252 1422 igitur
2315 1351 2604 1416 eorum,¹

710 1469 874 1532 quae
947 1451 1296 1534 habemus,
1377 1454 1819 1538 adspectabilia
1887 1453 2258 1520 cernimus?
2318 1494 2409 1511 -
2465 1453 2587 1519 Vi·

710 1587 817 1637 su.
878 1573 981 1638 '-.
1031 1570 1268 1636 Nonne
1322 1585 1386 1637 et
1435 1571 1692 1652 auditu,
1738 1590 1901 1654 quae
1959 1567 2298 1636 audiuntur
2338 1584 2403 1636 et
2448 1588 2592 1637 cae-

708 1685 864 1752 teris
897 1687 1191 1753 sensibus
1227 1687 1518 1772 singuia‚
1564 1706 1726 1770 quae
1773 1686 1927 1771 ipsis
1972 1687 2407 1771 percipiuntur
2426 1683 2587 1753 ‘3'—

707 1802 947 1888 Quidni
971 1803 1004 1868 ἓ
1046 1841 1136 1857 -
1176 1801 1507 1884 Numquid
1546 1803 2084 1886 animadvertisti,
2130 1824 2313 1887 quarn
2359 1799 2586 1872 eximie

706 1938 857 2006 prae
905 1920 1167 1986 caeteris
1224 1919 1517 1985 sensibus
1581 1939 1880 1987 sensuum
1932 1933 2155 1986 auctor
2196 1921 2323 1985 vim
2367 1920 2586 1987 viden·

704 2036 812 2120 di,
885 2056 1137 2121 quaque
1206 2057 1302 2103 res
1363 2031 1661 2104 videntur
1683 2081 1709 2115 ,
1776 2034 2107 2120 perfecerit
2130 2035 2164 2102 i
2246 2068 2342 2087 -
2421 2035 2579 2102 Non

705 2155 994 2239 equidem
1053 2172 1454 2240 magnopere.
1475 2135 1590 2207 ⁸-
1634 2153 1739 2220 Sic
1782 2173 1933 2220 vero
1973 2153 2336 2221 considera:
2401 2167 2581 2223 estne

698 2272 937 2339 auditui
987 2292 1058 2338 ac
1115 2273 1261 2338 voci
1311 2272 1435 2338 alio
1484 2291 1706 2357 genere
1767 2291 1932 2355 opus
1974 2273 2049 2337 ad
2108 2274 2276 2351 hoc,
2342 2285 2418 2338 ut
2473 2270 2582 2339 ille

702 2390 954 2471 audiat,
1018 2391 1173 2456 haec
1229 2388 1555 2455 audiatur:
1647 2408 1780 2472 quo
1836 2388 2021 2454 tertio
2074 2388 2383 2471 absente,
2471 2388 2581 2457 ille

699 2525 834 2573 non
892 2506 1152 2584 audiet,
1234 2506 1384 2572 haec
1457 2524 1588 2571 non
1659 2506 1999 2572 audietur?
2085 2543 2175 2559 —
2256 2506 2413 2573 Non
2476 2504 2574 2575 est

699 2642 891 2708 opus.
952 2649 1043 2675 -σ
1106 2623 1363 2704 Cred0‚
1424 2621 1566 2689 aliis
1605 2624 1767 2689 ‘item
1834 2622 2129 2689 sensibus
2186 2624 2452 2706 multis,
2494 2643 2578 2697 ne

694 2739 898 2806 dicam
958 2723 1256 2807 omnibus
1283 2787 1307 2821 ‚
1398 2742 1576 2807 nullo
1637 2741 2072 2825 hujuscemodi
2137 2759 2364 2825 genere
2405 2761 2568 2825 opus

691 2876 857 2926 esse.
923 2855 1161 2924 Tibine
1197 2876 1350 2924 vero
1385 2859 1700 2926 succurrit
1723 2859 1756 2924 ’ἒ
1796 2869 1889 2911 -“
1928 2859 2084 2925 Non
2115 2859 2453 2925 succurrit.
2476 2894 2568 2912 -

596 3011 605 3022 ι
692 2974 844 3043 Vim
885 2990 1091 3044 autem
1153 2975 1481 3053 audiendi,
1551 2995 1803 3068 quaque
1857 2995 1957 3042 res
2009 2976 2291 3044 visibiles
2353 2977 2565 3045 viden-

689 3110 843 3177 tur,
916 3112 1130 3161 nonne
1183 3112 1262 3159 eo
1327 3093 1602 3178 indigere
1663 3092 2201 3192 animadvertisti?
2260 3129 2355 3146 —
2412 3094 2562 3179 Quo

658 3212 932 3299 ‘pacto‘3
1015 3247 1109 3265 —
1188 3211 1525 3278 Praesente
1602 3209 1804 3276 oculis
1883 3210 2076 3291 visu,
2140 3210 2430 3294 ipsisque
2486 3211 2560 3280 ad

686 3329 1027 3398 videndum
1095 3326 1404 3408 intensis,
1490 3341 1821 3410 praesente
1876 3326 2023 3395 item
2094 3329 2351 3410 colore,
2403 3328 2562 3395 ·nisi

688 3441 850 3514 adsit
906 3462 972 3515 et
1029 3465 1228 3530 genus
1291 3444 1599 3525 tertium,
1687 3450 1945 3529 proprie
2008 3445 2085 3511 ad
2152 3446 2275 3511 hoc
2347 3445 2550 3531 ipsum

684 3567 907 3631 natura
940 3582 1199 3647 aptum,
1242 3559 1370 3629 scis
1410 3581 1602 3642 sane,
1648 3582 1761 3627 nec
1795 3564 1999 3629 visum
2049 3564 2330 3631 visurum
2375 3555 2551 3646 quidss

685 3700 870 3766 quam
911 3699 1053 3748 esse
1090 3694 1154 3746 et
1196 3681 1444 3746 colores
1483 3677 1738 3746 futuros
1785 3680 2183 3747 invisibiles?
2226 3719 2318 3734 -
2355 3681 2551 3769 QuId·

685 3820 824 3869 nam
867 3797 931 3865 id
972 3813 1113 3865 esse
1160 3796 1373 3864 dicis?
1434 3836 1525 3851 —
1584 3797 1778 3885 Quod
1824 3811 1891 3862 tu
1935 3799 2138 3864 lucem
2192 3818 2406 3865 vocas·
2461 3834 2554 3852 -

672 3920 845 3984 Vera
892 3916 1198 4000 loqueris.
1262 3949 1357 3967 —-
1419 3915 1553 3980 Res
1599 3915 1791 4000 igitur
1838 3933 1968 3979 non
2015 3916 2542 3993 contemnendae,

667 4034 923 4107 videndi
974 4051 1203 4102 sensus
1247 4045 1312 4098 et
1350 4011 1465 4099 'vis
1502 4021 1655 4115 'qud
1698 4032 1982 4100 visibiles
2023 4032 2187 4098 fiunt
2246 4049 2388 4115 res,
2448 4033 2552 4118 ju·

2465 4167 2545 4236 go
