2900 4817
1528 454 1620 479 ...-
1657 426 1875 512 96...-

759 626 1010 700 nasque
1034 604 1442 706 ‚explicarent
1461 659 1487 693 ,
1554 612 1616 679 id
1682 612 1924 679 scilicet
1978 609 2278 680 humanae
2319 606 2637 698 cognitio·-

765 734 868 800 nis
925 731 1084 799 fines
1135 735 1323 816 longe
1377 732 1694 816 longeque
1742 742 2026 813 superat.
2114 718 2276 796 Tam
2327 731 2453 797 alte
2487 746 2621 801 non

757 850 1048 916 evolasse
1094 849 1452 928 Platonem,
1496 866 1533 913 e
1587 849 1727 914 tota
1785 847 1897 912 hac
1953 850 2175 919 nostra
2229 847 2631 932 disquisitio-

751 964 843 1030 ne
902 977 1099 1049 patet.
1184 962 1338 1031 Non
1361 1006 1386 1044 ,
1449 962 1610 1045 quin
1664 964 2054 1031 contenderit
2106 963 2377 1032 subinde
2422 966 2618 1034 illuct

751 1081 822 1147 id
874 1081 1034 1148 effici
1079 1099 1159 1148 ex
1198 1080 1342 1165 ipso
1381 1080 1507 1147 hoc
1563 1072 1808 1147 Timaeo
1869 1080 2085 1146 multis
2134 1081 2291 1148 locis
2352 1097 2617 1167 potestg

750 1197 867 1265 scd
929 1197 1012 1264 de
1072 1196 1483 1281 philosophia
1544 1197 1709 1279 viri,
1787 1196 1867 1264 de
1930 1196 2070 1280 ipss
2120 1201 2258 1287 ejus
2328 1199 2622 1282 philoso-

746 1314 985 1402 phandi
1043 1314 1289 1383 ratione
1338 1314 1622 1400 agimusz
1669 1328 1765 1381 est
1799 1328 2008 1381 autem
2048 1312 2199 1382 haec
2258 1314 2617 1382 socraticae

745 1438 938 1521 plane
979 1450 1125 1499 eum
1164 1430 1625 1517 simplicitatis,
1669 1446 1804 1499 tum
1852 1428 2194 1498 modestiae
2230 1433 2443 1515 plena.
2527 1429 2605 1498 In

744 1565 966 1619 semet·
1009 1549 1217 1633 ipsum
1274 1547 1472 1615 redire
1532 1547 1985 1633 philosophum
2038 1549 2265 1634 jubet,
2335 1561 2409 1615 ut
2469 1560 2611 1614 stu—-

643 1752 650 1763 ἱ
743 1667 870 1734 diis
919 1666 1055 1734 suis
1110 1665 1310 1750 pulcri
1335 1712 1360 1746 ,
1404 1664 1556 1733 boni
1582 1710 1606 1745 ,
1646 1664 1843 1748 iusti,
1884 1663 2085 1730 sancti
2130 1663 2473 1747 exploratis
2512 1662 2608 1729 di-

737 1782 1048 1866 ligenter,
1118 1792 1442 1848 convertat
1497 1798 1568 1846 ea
1622 1779 1705 1844 ad
1764 1777 2041 1865 perfecta
2105 1780 2332 1848 horum
2398 1798 2608 1853 exem·

741 1899 977 1984 plariaz
1021 1896 1115 1964 sic
1176 1910 1382 1964 autem
1434 1915 1580 1993 cum
1621 1895 1902 1979 perficiat
1957 1914 2147 1977 sese,
2188 1910 2323 1962 tum
2374 1898 2454 1963 ad
2508 1896 2606 1963 die

739 2016 923 2082 vinae
975 2028 1232 2081 naturae
1268 2010 1716 2098 perfectionem
1768 2013 2039 2082 accedat.
2128 2011 2603 2098 simplicissima

737 2132 891 2199 haec
933 2149 1090 2198 sane
1141 2144 1469 2216 praecepta
1516 2145 1706 2198 sunt:
1763 2129 1923 2197 idem
1965 2130 2126 2197 enim
2179 2149 2299 2197 nos
2362 2143 2595 2215 sponte

735 2251 958 2319 nostra
1012 2262 1077 2315 et
1132 2245 1319 2314 nobis
1363 2260 1432 2315 et
1484 2247 1619 2313 aliis
1679 2247 2137 2331 praecipimus:
2206 2246 2593 2317 conveniunt

731 2380 941 2433 autem
1007 2363 1131 2430 illis
1188 2383 1452 2449 prorsus
1476 2411 1500 2446 ,
1560 2381 1723 2446 quae
1773 2364 1850 2429 de
1898 2364 2121 2431 divina
2184 2365 2406 2431 natura
2461 2364 2591 2429 dis·

725 2482 951 2549 seruit.
1039 2477 1190 2547 Non
1242 2499 1422 2559 eam,
1493 2450 1808 2565 tamquam
1866 2499 2147 2549 caussam
2202 2499 2405 2547 rerum
2455 2499 2593 2547 om·

728 2595 954 2680 nium,
1025 2596 1432 2678 describens,
1499 2591 1635 2681 ipse
1704 2608 1817 2681 per
1869 2597 2028 2664 hanc
2070 2608 2408 2680 caussam,
2470 2595 2585 2681 qui

721 2712 1300 2798 metaphysicorum
1363 2732 1506 2779 mos
1563 2727 1661 2781 est
1678 2754 1704 2796 ,
1763 2728 2051 2799 procreat
2106 2728 2172 2781 et
2230 2702 2586 2783 moderatur

719 2830 958 2898 omtfia.
1043 2829 1372 2898 Materiem
1428 2830 1731 2912 assumit,
1792 2851 1953 2914 quae
2012 2833 2177 2899 unde
2231 2832 2579 2914 astiterit,

715 2967 854 3017 non
906 2948 1192 3031 quaerit3
1280 2948 1393 3015 sed
1445 2949 1649 3015 Deum
1714 2948 1899 3015 nobis
1963 2966 2097 3015 eam
2157 2949 2251 3016 sic
2306 2947 2583 3016 forman·

722 3080 850 3134 tem
904 3068 1018 3134 ad
1032 3063 1186 3133 boni
1244 3064 1440 3132 ideam
1500 3065 1844 3150 proponit,
1913 3081 1989 3134 ut
2046 3066 2363 3136 nobismet
2408 3066 2573 3152 ipsis

713 3183 789 3251 in
845 3203 928 3252 eo
975 3195 1188 3251 exstet
1205 3224 1233 3263 ,
1295 3184 1467 3265 quod
1519 3183 1598 3249 ad
1643 3197 1813 3250 recte
1851 3184 2155 3269 agendum
2215 3183 2573 3266 imitemur,

706 3302 1066 3386 exemplum
1114 3286 1496 3385 perfectum.
1607 3300 1803 3387 Quod
1859 3314 2068 3368 autem
2127 3300 2571 3368 sublimitatem

705 3418 939 3487 attinet
987 3417 1341 3486 Platonicae
1397 3416 1762 3498 doctrinae,
1801 3418 1881 3485 ad
1916 3417 2073 3484 hanc
2108 3418 2564 3503 percipiendam

705 3540 946 3622 plene,
1019 3535 1283 3604 effatum
1343 3534 1623 3603 Platonis
1681 3534 1763 3602 de
1821 3534 2056 3601 mundo
2076 3580 2104 3617 ,
2191 3536 2368 3617 quod
2424 3533 2568 3602 inde

699 3654 967 3720 ductum
1021 3667 1121 3720 est
1143 3700 1169 3735 ,
1227 3652 1697 3720 consideremus
1743 3650 2156 3736 praesertim:
2222 3673 2345 3719 esse
2398 3651 2567 3717 hum

701 3766 1004 3838 nundum
1061 3758 1533 3858 adspectabilm
1570 3767 1987 3855 intelligibilis
2026 3764 2166 3843 M
2201 3770 2561 3855 {magiam-

699 3885 870 3954 Nam
927 3885 1174 3971 elegans
1229 3903 1379 3953 sane
1439 3899 1540 3954 est
1588 3884 2115 3955 celebratIssimus
2184 3887 2291 3954 ine
2340 3884 2569 3954 Socra·

687 4001 782 4071 tis
842 4002 1011 4090 apud
1055 4001 1548 4088 Xenophontem
1595 4004 1674 4074 de
1724 4001 2116 4079 Diissermo
2133 4049 2164 4089 ,
2207 4020 2347 4092 quo
2379 4003 2561 4073 Deos

2423 4132 2571 4187 aas·
