2900 4817
1479 440 1866 508 uva-»134—

733 606 931 682 'v'aenm
996 610 1213 690 λαβεῖν
1234 602 1278 687 ,’
1349 610 1402 672 si
1482 596 1767 673 manibus¹
1830 609 2070 695 possent
2143 592 2613 691 comprehende·

739 746 864 805 re,
907 726 998 787 u)
1042 726 1418 790 occiderent.
1506 724 2050 808 simplicissimum
2111 721 2371 785 omnino
2412 738 2617 817 nego-¹

743 838 900 904 tium
968 839 1235 904 mundus
1301 843 1496 917 νοητὸς
1559 853 1701 919 est,
1768 839 1825 903 si
1883 856 1918 902 a
1988 838 2422 920 metaphysieo
2500 839 2607 901 illo

746 955 1110 1025 Aristotelis
1171 954 1579 1037 distinguitur
1640 955 1991 1037 diligenter.
2080 954 2229 1037 Ipse
2272 954 2610 1033 Socrates,

749 1070 924 1151 quod
980 1071 1157 1137 Plato
1215 1072 1336 1142 hoe
1379 1071 1523 1136 ioco
1570 1070 1954 1156 significasse
1996 1070 2289 1150 videtur,
2332 1070 2398 1135 iu
2470 1088 2612 1137 eum

739 1187 1012 1254 educere
1037 1187 1209 1252 cives
1249 1206 1404 1252 suos
1445 1189 1805 1267 studuerat,
1853 1206 2047 1269 quum
2091 1203 2416 1269 quaereret
2458 1205 2615 1253 sem·

749 1318 908 1383 per,
954 1301 1107 1382 quid
1150 1304 1431 1384 pulcrum
1456 1349 1480 1383 ,
1526 1303 1679 1386 quid
1724 1304 2009 1387 justum,
2053 1302 2208 1387 quid
2243 1302 2484 1369 bonum
2518 1320 2615 1368 es·

751 1429 875 1490 set.
959 1416 1021 1485 E
1081 1418 1316 1483 mundo
1353 1418 1760 1502 adspectabili
1815 1422 1963 1486 haec
2031 1420 2272 1486 discere
2313 1438 2445 1484 non
2502 1440 2618 1504 po-

755 1546 996 1615 terant,
1041 1535 1284 1619 quippe
1329 1536 1440 1617 qui
1490 1536 1695 1619 ipsum
1751 1537 2039 1620 pulcrum
2059 1581 2083 1617 ,
2129 1535 2342 1621 ipsum
2372 1539 2616 1623 justum

757 1651 1129 1732 bonumque
1197 1670 1327 1717 non
1408 1653 1701 1718 sensibus
1774 1652 2236 1736 percipiendum
2315 1654 2617 1737 praebet:

759 1768 1114 1848 quaerendo
1178 1767 1371 1851 igitur
1411 1770 1676 1849 educere
1725 1786 1837 1836 eos
1870 1771 2021 1835 illuc
2078 1770 2426 1836 conabatur
2447 1819 2472 1851 ,
2516 1771 2623 1837 ubi

761 1902 892 1951 non
951 1885 1238 1967 corporis
1262 1931 1286 1964 ,
1371 1884 1486 1950 sed
1554 1885 1783 1960 mentis
1858 1887 2048 1950 oculo
2122 1884 2450 1951 veritatem
2528 1905 2623 1951 as·

763 2014 1204 2082 sequerentur.
1314 2001 1699 2085 Imaginibus
1754 2003 1905 2068 haee
1970 2003 2147 2076 Plato
2203 2000 2625 2087 fingendoque

761 2117 1007 2183 mundo
1087 2121 1266 2203 νοητῷ
1295 2164 1320 2198 ,
1403 2122 1567 2205 τόπῳ
1628 2122 2006 2204 ὑπεροῳραενιῷ
2028 2165 2052 2199 ,
2129 2118 2413 2184 veritatis
2488 2137 2626 2202 pra·

767 2250 886 2317 tn,
927 2235 1054 2303 hoc
1095 2234 1237 2316 ipso
1290 2252 1489 2317 specu
1543 2236 1850 2300 declarare
1887 2234 2169 2316 studuit3
2233 2235 2348 2301 sed
2386 2252 2492 2300 res
2536 2228 2628 2318 ip-

767 2369 841 2422 sa
904 2349 1363 2434 simplicissima
1415 2368 1797 2434 naturaeque
1851 2350 2447 2433 convenientissima
2506 2366 2624 2421 est·

775 2468 1095 2548 Usurpare
1150 2482 1352 2531 autem
1417 2465 1521 2531 ille
1576 2466 1875 2550 imagines
1931 2467 2081 2533 istas
2148 2468 2418 2548 debuit,
2489 2469 2628 2551 quia

772 2598 904 2655 non
955 2596 1192 2647 tantum
1262 2581 1399 2662 ipse
1451 2584 1645 2662 illue,
1696 2599 1763 2647 ut
1820 2584 2108 2650 Socrates
2134 2631 2160 2666 ,
2199 2586 2470 2651 evehere
2508 2584 2632 2651 dis·

774 2697 1023 2779 cipulos
1078 2716 1230 2769 suos
1294 2699 1680 2778 conabatur,
1749 2701 1860 2764 sed
1915 2699 2074 2767 idern
2090 2712 2129 2779 ,·
2161 2706 2288 2783 qua
2338 2701 2487 2781 quis
2547 2720 2633 2767 ra·

777 2814 957 2883 tione
1007 2830 1070 2882 et
1133 2815 1272 2896 ipse
1317 2815 1396 2878 ad
1438 2814 1760 2880 veritatem
1811 2833 1925 2897 per
1980 2787 2448 2900 philosophiam
2501 2832 2637 2903 per-

776 2932 1016 2998 veniret
1069 2945 1136 2997 et
1191 2931 1345 2997 alios
1414 2933 1707 3003 educeret
1731 2979 1756 3013 ,
1812 2932 2296 3001 describendum
2348 2950 2640 3021 suscepe-

781 3064 902 3125 rat.

1178 3226 1390 3312 Quid
1456 3234 1800 3296 maxime
1871 3230 2265 3316 effecisse

836 3339 1260 3427 difficilem
1325 3343 1746 3413 doctrinae
1802 3347 2032 3432 husus
2090 3345 2603 3412 -Platonictao

1071 3461 1891 3549 interpretationem
1953 3462 2351 3533 videtur?

874 3640 997 3707 sed
1041 3656 1114 3708 ut
1155 3643 1421 3711 difficilis
1464 3649 1924 3744 quodatntnodo
1966 3651 2117 3717 haec
2159 3667 2309 3731 res,
2360 3642 2635 3732 quamvis

786 3757 1054 3840 simplex
1121 3774 1186 3826 et
1251 3776 1509 3849 naturae
1567 3762 1983 3836 consenmn'oe
2007 3815 2033 3852 ,
2077 3765 2436 3837 recentioris
2481 3774 2648 3831 aem-

2559 3892 2647 3949 m

860 4007 949 4089 (1)
986 4013 1075 4072 Β(
1103 4015 1246 4085 Rq».
1281 4013 1420 4077 VII.
1453 4017 1573 4090 517·
1609 4016 1682 4081 A.
