2900 4817
1151 408 1538 479 -109—

407 572 581 640 deret
619 572 948 655 mundum,
1009 575 1227 642 mundi
1262 576 1587 661 cujusdam
1636 571 1906 658 perfecti
1939 577 2271 660 παρόδων·

399 718 500 775 μοι
544 692 737 757 menti
774 691 1072 758 habuisse
1132 674 1531 776 propositum
1559 740 1585 775 ‚
1627 691 1706 760 ad
1732 774 1733 779 Ἰ
1763 694 1947 778 cujus
2001 689 2266 758 formam

399 807 723 894 effingeret
773 810 1004 876 omnia.
1090 808 1164 874 Id
1205 810 1493 875 similiter
1552 828 1673 874 nos
1701 810 1797 876 ·de
1847 809 2138 875 humanis
2176 807 2271 888 fa·-

400 924 533 991 bris
595 940 660 993 et
721 926 1069 994 artificibus
1130 945 1536 1010 usurpamus:
1596 927 1932 1010 usurpavit
1998 926 2077 991 de
2121 926 2268 993 Phi·

394 1043 500 1110 dia
556 1044 838 1125 Cicero;
883 1063 1001 1110 nec
1070 1058 1270 1110 tamen
1312 1043 1647 1126 quisquam
1692 1043 1988 1110 artificem
2036 1043 2274 1133 facem

400 1160 566 1226 ideas
611 1162 714 1226 vel
772 1159 986 1227 idealia
1034 1159 1282 1227 dixerit.
1370 1162 1628 1227 Poetice
1679 1175 1885 1227 autem
1946 1160 2124 1227 Plato
2173 1159 2269 1227 di·

394 1277 611 1345 vinum
661 1281 1059 1365 παράδειγμα
1094 1277 1488 1344 continuisse
1536 1277 1748 1343 omnia
1801 1275 2078 1361 perfecta
2120 1293 2267 1361 spe*-

395 1395 494 1460 cie
549 1394 777 1477 finxit,
824 1415 985 1478 quac
1038 1397 1488 1477 complexurus
1544 1395 1881 1476 aliquando
1941 1396 2273 1478 adspecta·

396 1511 544 1578 bilis
579 1512 879 1578 mundus
956 1511 1148 1583 foret.
1237 1512 1479 1577 Verum
1538 1511 1707 1577 enim
1767 1529 1918 1575 vero
1979 1529 2111 1576 non
2163 1530 2264 1576 ar-

393 1630 737 1715 gutandum
771 1628 957 1695 nobis
995 1629 1078 1694 de
1122 1628 1223 1694 his
1267 1641 1410 1709 est,
1472 1643 1545 1694 ut
1592 1628 1740 1695 item
1783 1625 2071 1694 fecerunt
2106 1627 2210 1694 alii
2240 1674 2266 1710 ,

392 1745 505 1829 qui
566 1761 981 1829 quaererent,
1035 1745 1241 1831 ipsine
1292 1746 1436 1812 Deo
1485 1747 1653 1830 apud
1710 1747 2033 1813 Platonem
2092 1740 2267 1813 ideae'

390 1865 495 1929 vel
561 1862 800 1931 formae
839 1883 1046 1929 rerum
1097 1878 1523 1947 praestarent,
1570 1864 1813 1947 quippe
1876 1882 2032 1947 quas
2083 1864 2261 1956 Deus

387 1982 654 2048 intuitus
707 1979 993 2066 fingitur.
1084 1980 1282 2066 Quasi
1343 1981 1584 2048 scilicet
1638 1981 1812 2048 ideae
1864 1983 1966 2046 vel
2023 1980 2263 2047 formae

387 2117 639 2178 rerum,
685 2116 843 2181 quas
902 2095 1181 2181 concipit
1237 2116 1459 2179 mens,
1502 2117 1634 2164 non
1696 2119 1731 2164 a
1786 2114 1995 2166 mente
2035 2099 2262 2167 distin·

386 2216 707 2301 mendae,
752 2214 864 2280 sed
918 2216 1290 2300 separandae
1347 2228 1560 2280 essent
1592 2234 1894 2298 prorsus:
1941 2229 2049 2281 aut
2107 2232 2263 2298 ,qua-2

385 2332 441 2398 si
495 2333 643 2399 haec
696 2331 903 2398 omnia
962 2345 1176 2397 essent
1215 2332 1294 2397 ad
1351 2330 1711 2399 dialecticae
1776 2334 1947 2418 leges
2007 2333 2261 2417 exigen-

380 2449 458 2516 da
517 2463 710 2531 atque
759 2468 797 2515 a
849 2448 1311 2514 dialecticorum
1376 2447 1794 2531 captiunculis
1860 2449 2253 2521 vindicanda.

465 2567 707 2634 Verum
767 2579 841 2632 ut
894 2567 1011 2633 hae
1061 2567 1354 2632 videntur
1394 2584 1653 2633 caussae
1712 2569 2255 2652 opportunitates-

379 2701 510 2763 que
535 2681 1042 2764 fuisse‚quibus
1077 2684 1421 2764 accideret,
1465 2698 1540 2749 ut
1569 2687 1911 2752 multorum
1957 2689 2020 2752 in
2044 2707 2256 2771 repre·
2316 2722 2321 2726 ·

378 2800 746 2867 hensionem
799 2801 1084 2867 doctrina
1139 2801 1218 2867 de
1275 2800 1431 2866 ideis
1492 2801 1808 2868 Platonica
1858 2802 2291 2891 incurreret‚.'

375 2919 466 2986 ita
530 2918 919 3003 praecipuam
986 2917 1265 2984 omnium
1339 2936 1905 2986 commemoremus
1969 2921 2241 2993 tandem.

376 3037 501 3104 Est
552 3036 657 3105 ina
708 3054 837 3101 non
893 3035 969 3101 ab
1033 3036 1442 3119 interpretum
1483 3035 1658 3103 vitiis
1686 3082 1710 3118 ,
1754 3037 1862 3102 sed
1906 3038 1982 3104 ab
2036 3037 2240 3135 ipsius

372 3153 652 3220 Platonis
721 3153 860 3220 sive
921 3153 1170 3220 audacia
1245 3154 1382 3220 sive
1456 3152 1806 3222 temeritate
1878 3158 2236 3240 repetenda.

368 3271 492 3341 Dei
546 3272 741 3337 instar
792 3271 1219 3356 philosophus
1255 3289 1458 3338 rerum
1514 3272 1915 3339 humanarum
1968 3273 2242 3361 perfecta

366 3393 849 3476 παραδείγματα
912 3404 977 3456 et
1026 3404 1233 3455 mente
1293 3390 1587 3472 concepit
1626 3403 1691 3455 et
1732 3407 1853 3455 nos
1904 3391 2101 3476 jussit
2161 3394 2273 3463 ad>

359 3525 585 3575 eorum
628 3504 1075 3602 perfectionem
1115 3525 1213 3574 res
1247 3524 1525 3573 nostras.
1549 3526 1955 3593 componere.
2042 3510 2232 3605 Hoc,

357 3625 420 3692 -si
481 3624 638 3707 quid
673 3625 897 3720 aliud,
940 3624 1137 3691 audax
1182 3624 1506 3710 negotium
1530 3622 1670 3694 >fuit
1727 3641 1791 3693 et
1835 3628 1980 3712 jure
2021 3647 2234 3713 reptes·

357 3720 781 3809 senciendum.
1770 3745 1775 3749 ’
2216 3756 2219 3757 f

2002 4064 2016 4077 ’
2097 4068 2226 4169 υἱ.-
