2900 4817
1090 534 1199 553 .«—-
1242 516 1461 580 33-

326 676 450 745 his
505 677 773 764 dialogis
823 676 1067 763 politici
1092 725 1118 760 ,
1175 677 1245 745 in
1292 676 1531 761 quibus
1577 674 1665 747 de
1687 676 1874 761 justo
1929 678 2060 765 egit
2110 678 2218 751 de-

325 814 472 878 que
515 795 898 890 virtutibus,
945 813 1106 878 quae
1150 795 1233 862 ad
1272 793 1682 862 vitam-recte
1730 795 2068 882 degendam
2104 817 2217 883 ap·

326 924 528 994 teque
587 911 1131 980 admitiistrandam
1170 910 1490 980 civitatem
1544 910 1978 996 requiruntur.
2083 914 2214 985 Est

330 1027 487 1097 haec
526 1030 713 1114 praue
771 1027 1007 1113 ingenii
1047 1027 1304 1097 humani
1363 1028 1731 1116 progressio
1748 1075 1776 1112 ,
1816 1031 2022 1116 cujus⁴
2039 1031 2213 1116 apud

330 1134 648 1214 Baco'nem
701 1160 768 1214 et
813 1146 1418 1233 Encyclopaedistas
1478 1148 1653 1216 nulla
1713 1146 1982 1217 habetur
2020 1149 2206 1219 ratio.

328 1261 501 1357 Nam
553 1277 923 1349 praeparant
965 1282 1088 1332 nos
1146 1278 1313 1333 artes
1334 1311 1362 1348 ,
1426 1276 1501 1330 ut
1544 1263 1667 1331 rite
1703 1264 2028 1350 possimus
2074 1286 2213 1350 gra·

326 1379 622 1447 -vioribus
665 1379 1019 1464 disciplinis
1065 1398 1322 1464 operam
1365 1396 1598 1449 navare
1621 1425 1648 1461 ,
1707 1391 1900 1463 atque
1951 1381 2054 1447 his
2113 1381 2213 1447 in-

326 1496 541 1583 stituti
584 1511 650 1585 et
691 1496 876 1581 quasi
936 1494 1163 1562 nutriti
1215 1513 1288 1562 ac
1345 1494 1740 1564 corroborati
1758 1539 1786 1576 ,
1830 1495 1923 1563 sic
1961 1496 2213 1577 demum

318 1633 680 1700 possumus
717 1615 786 1681 in
821 1611 1016 1681 rebus
1058 1611 1357 1681 civilibus
1394 1590 1544 1697 apte
1578 1611 1913 1681 consulere
1959 1612 2207 1683 civibus

330 1732 607 1799 nostris.
642 1804 651 1811 ,
691 1730 787 1800 Ut
826 1746 1036 1798 autem
1080 1731 1191 1798 ille
1226 1729 1601 1813 scribendo,
1643 1743 1878 1815 sponte
1916 1729 2008 1798 sic
2053 1734 2213 1815 sua,

326 1862 591 1919 naturae
629 1847 792 1916 viam
816 1864 903 1915 ·et
952 1830 1468 1935 progressionem
1523 1861 1783 1917 secutus
1829 1862 1976 1929 est,
2016 1847 2102 1916 ita
2143 1847 2213 1915 in

329 1964 687 2035 erudiendis
732 1966 1125 2052 juvenibus,
1169 1984 1337 2051 quos
1385 1965 1649 2035 summis
1704 1965 1770 2033 in
1823 1984 1896 2034 re
1950 1964 2211 2051 publica

322 2083 683 2151 honoribus
727 2083 1131 2166 destinabat,
1170 2084 1318 2153 data
1358 2087 1557 2169 opera
1597 2083 1869 2167 primum
1934 2084 2016 2152 de
2064 2103 2210 2153 sen-

328 2178 527 2268 sibus
562 2200 941 2285 studiisque
947 2220 1020 2267 ac
1064 2198 1472 2269 facultatibus
1509 2200 1880 2282 disquisivit
1899 2246 1929 2286 ,
1970 2202 2207 2284 quibus

314 2318 587 2406 puerilis
633 2333 799 2386 aetas
836 2316 1134 2404 insignis
1150 2331 1296 2400 est,
1336 2317 1612 2400 indeque
1645 2330 1928 2389 naturam
1959 2322 2207 2387 artium

323 2453 666 2520 earumque
713 2451 778 2504 et
813 2435 1117 2505 rationem
1153 2449 1220 2503 et
1272 2436 1681 2521 propositum
1724 2435 1977 2523 repetiit
2014 2452 2211 2521 atque

324 2552 699 2621 illustravit:
743 2566 883 2621 tum
935 2571 1089 2621 vero
1138 2556 1429 2621 excultos
1479 2552 1603 2621 hos
1662 2553 1890 2639 puerili
1907 2624 1922 2637 „
1949 2554 2208 2633 institu-

322 2670 501 2737 tione
519 2717 545 2753 ‚
589 2669 941 2755 disciplinis
982 2669 1351 2738 eruditurus
1376 2714 1402 2753 ,
1446 2688 1484 2737 e
1533 2671 1950 2755 provectioris
1986 2673 2205 2743 aetatis

321 2785 556 2855 studiis
618 2784 1153 2869 facultatibusque
1213 2802 1279 2853 et
1337 2788 1476 2853 veri
1531 2786 1599 2853 in
1651 2789 1877 2872 primis
1941 2808 2153 2857 amore
2175 2834 2203 2869 ‚

316 2882 805 2993 disciplinam„
853 2900 1090 2989 pariter
1132 2916 1198 2970 et
1238 2900 1678 2971 doctrinarum
1729 2919 2010 2975 naturam
2023 2951 2049 2986 ,
2111 2924 2210 2973 ra-

317 3026 559 3099 tionem
593 3020 1133 3108 propositumque
1169 3019 1425 3088 effecit:
1472 3020 1852 3103 tandemque
1869 3068 1894 3101 ,
1940 3037 2011 3087 ut
2051 3023 2207 3104 quid

315 3142 478 3227 ipsis
539 3154 711 3211 esset
761 3138 1107 3225 aliquando
1157 3137 1224 3204 in
1281 3137 1541 3207 civitate
1595 3138 1900 3223 agendum
1917 3185 1942 3219 ,
2002 3140 2207 3207 decla·

323 3240 537 3349 taret,
577 3257 659 3325 de
702 3254 935 3327 maturi
987 3248 1258 3321 hominis
1324 3253 1389 3320 in
1431 3253 1683 3331 civitate
1733 3252 1960 3333 officiis
2009 3254 2210 3319 virtu-

317 3373 632 3456 tibusque
674 3371 986 3454 quaesivit
1007 3416 1033 3452 ‚
1121 3389 1255 3452 quo
1298 3370 1737 3453 <doctrinarum
1820 3372 2210 3455 gravissima-

322 3509 511 3571 rum,
558 3505 723 3573 quae
773 3487 1016 3573 justum
1069 3500 1397 3569 spectant,
1440 3489 1821 3569 moralium,
1886 3503 1957 3554 ut
2016 3490 2204 3557 nobis

326 3609 664 3687 dicuntur,
719 3617 786 3671 et
823 3603 1238 3691 politicarum
1294 3602 1426 3671 vim
1468 3618 1533 3670 et
1603 3603 1900 3671 rationem
1968 3605 2201 3674 effecit.

324 3724 617 3805 Nescio,
704 3718 864 3806 quid
916 3717 1024 3786 alii
1084 3719 1406 3799 sentiant·
1385 3767 1410 3803 ‚
1500 3722 1613 3786 sed
1673 3722 1824 3788 mihi
1896 3726 2148 3807 quidem
2174 3772 2200 3805 ,

326 3844 482 3909 haec
547 3840 634 3909 ita
672 3836 1171 3921 consideranti,
1259 3837 1605 3919 ordineque
1660 3842 1892 3925 legenti
1953 3845 2209 3927 saepius

329 3924 537 4024 totum
589 3956 957 4037 Platonem,
1003 3954 1232 4040 subjici
1274 3956 1454 4039 quasi
1496 3944 1706 4023 oculis
1737 3958 1987 4026 videtur
2006 4006 2031 4040 ‚
2076 3979 2209 4035 non

329 4050 521 4153 arbor
598 4071 991 4142 scientiarum
1019 4121 1043 4157 ‚
1135 4091 1299 4156 quae
1372 4074 1650 4175 scholam
1731 4077 2008 4158 redolet,
2095 4078 2210 4142 sed

1237 4190 1292 4260 C
2106 4212 2214 4261 en-
