2900 4817
1470 448 1696 532 -76
1734 487 1841 531 -,

716 629 1119 715 Sophistlcae
1171 646 1398 716 parens
1418 677 1442 711 ‚
1480 644 1560 697 ut
1605 627 1660 696 is
1720 628 2191 715 metaphysicae
2236 629 2446 699 dictus
2486 608 2601 711 ha,-

711 745 1015 830 bitusque
1043 761 1167 814 est.
1212 747 1560 830 Antiquam
1608 747 1710 813 hic
1752 762 1947 814 artem
1989 746 2400 832 sophisticam
2422 749 2601 817 dixe-

714 878 845 948 rat,
889 882 1004 932 nec
1051 866 1259 931 solum
1311 884 1346 930 a
1393 864 1800 949 philosophis
1827 913 1851 946 ,
1932 865 2047 931 sed
2100 884 2137 931 a
2181 864 2399 948 poetis.
2425 920 2445 949 ‚
2509 868 2594 933 ab

714 981 1000 1049 Homero
1025 1027 1050 1063 ,
1133 980 1210 1046 ab
1264 981 1558 1047 Hesiodo
1582 1029 1606 1063 ‚
1673 1001 1710 1049 a
1758 980 2080 1048 Simonide
2104 1029 2128 1063 ‚
2184 983 2348 1066 -quin
2404 984 2593 1051 etiam

712 1100 792 1166 ab
851 1098 1117 1183 Orpheo
1180 1111 1246 1165 et
1303 1098 1613 1182 Musaeo,
1688 1100 2049 1183 pariterque
2105 1120 2142 1166 a
2201 1101 2477 1169 musices
2527 1118 2593 1169 et

711 1223 1129 1305 gymnastices
1190 1218 1545 1302 magistris,
1609 1219 1686 1283 ad
1728 1218 1974 1303 generis
2032 1219 2288 1285 humani
2343 1220 2590 1286 cultum

703 1336 1042 1403 adhibitam
1098 1353 1242 1403 esse
1285 1333 1400 1401 (ι).
1495 1335 1600 1402 Sic
1637 1337 2064 1417 Aristoteles,
2110 1355 2242 1419 quo
2275 1337 2413 1421 ipse
2449 1353 2591 1403 ten·

711 1452 899 1521 debat
950 1457 1136 1521 unice
1160 1501 1185 1534 ‚
1270 1454 1489 1520 eodem
1558 1472 1772 1520 omnes
1823 1469 1967 1520 ante
2025 1454 2234 1538 ipsum
2300 1454 2599 1540 philoso-

701 1573 889 1656 ³phos
955 1572 1361 1639 contendisse
1385 1619 1409 1652 ,
1502 1574 1803 1655 quodque
1868 1571 2193 1641 invenerat
2271 1574 2411 1657 ipse
2484 1576 2596 1640 vel

710 1691 1034 1765 invenisse
1098 1689 1232 1756 sibi.
1295 1687 1676 1771 videbatur,
1764 1689 1830 1756 id
1890 1708 2113 1756 omnes
2191 1690 2588 1772 quaesivisse

716 1808 892 1877 omni
948 1827 1152 1890 aem,
1198 1805 1600 1891 opinabatur.
1698 1806 1946 1874 Nocuit
2004 1822 2210 1874 autem
2280 1808 2373 1874 ita
2418 1822 2598 1877 vete-

717 1947 859 1993 rum
943 1925 1476 2009 philosophorum
1553 1924 2050 2008 interpretationi
2134 1926 2592 2010 vehementer,

703 2046 845 2111 'tum
909 2062 1105 2125 vere,
1150 2056 1223 2110 ut
1276 2062 1461 2128 aegre
1506 2064 1542 2111 a
1578 2044 1851 2128 posteris
1910 2041 2174 2127 fereque
2212 2062 2591 2128 perversum

711 2163 780 2230 in
835 2163 1090 2229 modum
1138 2161 1573 2245 acciperentur
1614 2162 1897 2228 Platonis
1956 2162 2229 2245 placita,
2273 2162 2330 2229 is
2375 2162 2587 2230 effecit

712 2281 1000 2348 maxime.
1089 2279 1242 2367 Quo
1301 2280 1497 2365 magis
1563 2279 1656 2345 sic
1706 2280 1937 2360 nobiS‚
1984 2295 2056 2345 ut
2092 2278 2408 2362 fecimus,
2452 2295 2593 2347 tota

711 2399 1127 2487 proponenda
1189 2400 1324 2483 ejus
1390 2398 1816 2483 metaphysica
1875 2397 2251 2482 videbatur,
2297 2413 2373 2464 ut
2423 2414 2596 2467 recte

713 2518 793 2584 ab
847 2518 955 2584 illa
1008 2517 1389 2584 Platonicam
1456 2515 1926 2604 philosophiam
1985 2515 2543 2602 distingueremus.

797 2746 1244 2821 Doctrinae
1302 2753 1781 2821 Platonicae
1840 2768 1912 2818 et
1969 2752 2510 2821 Artstotc'lcac

1432 2870 1889 2940 discrimen.

789 3108 1058 3197 Juvenis
1120 3110 1378 3175 omnino
1433 3109 1773 3192 Socrates,
1818 3123 1891 3174 ut
1932 3109 2012 3174 de
2053 3126 2195 3174 sese
2245 3109 2415 3192 apud
2454 3108 2619 3176 ma:

710 3242 957 3295 tonem·
998 3225 1271 3307 fatetur,
1361 3226 1700 3293 admiratus
1774 3225 2182 3310 Anaxagorae
2242 3227 2586 3295 doctrinam

714 3358 813 3412 est
830 3394 854 3427 ‚
901 3361 1190 3428 quaeque
1227 3343 1373 3411 inde
1416 3344 1492 3409 de
1537 3359 1737 3410 mente
1787 3358 2155 3428 perceperat
2189 3358 2255 3411 et
2288 3336 2420 3412 ium
2462 3366 2590 3412 am·

706 3467 933 3547 plexus
985 3462 1164 3529 avide
1218 3477 1319 3526 est
1389 3477 1451 3527 et
1509 3462 1801 3543 probavit
1870 3477 2135 3546 postca3
2224 3482 2585 3531 caussarum

712 3600 868 3647 vero
925 3576 1091 3644 illam
1138 3592 1201 3643 et
1246 3578 1749 3660 disquisitionem
1803 3597 1866 3645 et
1930 3580 2405 3664 explicationem
2456 3600 2584 3648 non

709 3696 1032 3784 probavit.
1121 3696 1265 3762 Nec
1319 3696 1500 3762 aliter
1556 3695 1763 3763 visum
1830 3696 2075 3764 Platoni
2137 3695 2386 3781 fuisse,
2448 3699 2586 3782 ipse

710 3817 778 3884 in
830 3814 1051 3882 eodem
1101 3812 1214 3880 illo
1261 3813 1541 3881 Socratis
1598 3832 1887 3881 sermone
1949 3816 2291 3883 enarrando
2320 3863 2345 3899 ,
2389 3817 2590 3883 decla-

2492 3953 2592 4002 ta·

783 4049 866 4124 (ι)
905 4046 981 4106 V.
1015 4045 1173 4101 Plato
1208 4047 1422 4119 Protag·
1458 4047 1578 4105 516.
1617 4047 1694 4102 D.
