2900 4817
1462 509 1854 589 ...156-

723 691 925 775 igitur
973 690 1180 754 locum
1248 707 1394 770 quis
1446 689 1643 774 legit,
1690 683 1865 772 quin
1912 689 2162 770 videat,
2227 690 2380 772 quid
2444 689 2601 758 illud

728 809 815 875 sit
870 808 1044 890 quod
1098 805 1365 871 diximus
1393 853 1417 885 ‚
1477 805 1807 872 dicendum
1874 825 2001 872 non
2063 824 2203 873 esse
2264 822 2334 873 ut
2374 809 2603 874 serabis·

709 942 830 1002 ¹tur
855 972 878 1007 ‚
946 925 1057 990 sed
1109 923 1505 990 scribendum
1555 939 1626 989 ut
1683 921 1860 1007 loqui
1921 927 2242 1006 solemuS,
2295 921 2596 992 fateatur'-

707 1061 856 1124 *que
908 1035 1070 1108 idem
1095 1089 1117 1121 ‚
1165 1042 1275 1107 hac
1302 1057 1434 1108 arte
1473 1046 1716 1108 summa
1750 1042 2117 1109 excelluisse
2146 1043 2423 1109 omnium
2464 1061 2594 1110 ma:-

717 1163 887 1229 xime
935 1160 1424 1228 Demosthenem
1448 1208 1473 1243 ‚
1518 1175 1783 1243 eamque
1807 1160 2053 1227 Platoni
2084 1162 2379 1230 debuisse
2410 1180 2599 1247 prae·

716 1279 961 1364 cipue?
1454 1284 1467 1293 '

802 1397 982 1463 Hanc
1034 1396 1161 1463 vim
1190 1398 1415 1482 forma
1475 1394 1707 1480 dialogi
1759 1395 2061 1463 Platonici
2117 1396 2181 1462 in
2244 1383 2587 1479 scriptores

713 1529 1128 1597 oratoresque
1148 1561 1173 1595 ,
1220 1512 1284 1578 in
1319 1513 1662 1596 principem
1695 1513 1850 1578 adeo
1885 1530 2201 1579 oratorum
2254 1517 2537 1602 omnium
2559 1547 2592 1598 ·,

714 1632 981 1713 habuit3
1049 1632 1162 1698 sed
1221 1630 1417 1714 ipsam
1491 1632 1591 1696 hic
1668 1635 1806 1697 veri
1850 1617 2309 1720 phiIosophc'am'
2342 1613 2596 1717 specta*-

714 1767 907 1829 mus,
994 1767 1176 1831 quam
1239 1748 1415 1813 Plato
1480 1745 1683 1814 forma
1742 1748 1846 1812 ills
1907 1748 2219 1830 maxime,
2306 1735 2584 1817 suo'il'lo

713 1866 968 1950 ipsique
1019 1865 1278 1950 proprio
1359 1864 1674 1932 scribendi
1734 1883 1959 1951 genere
2019 1867 2356 1950 expressit.
2484 1870 2589 1937 Iti-

713 1983 962 2049 finitum
1022 1982 1104 2047 sit
1170 1984 1639 2064 demonstrare,
1725 1998 2028 2065 quantum
2085 2002 2162 2050 ex
2225 1985 2349 2050 hoc
2404 1983 2586 2053 fonte

712 2081 1082 2179 hauserint,
1142 2098 1533 2182 quicumque
1573 2111 1722 2184 post
1768 2120 1909 2167 eum
1968 2101 2250 2186 dialogos
2314 2104 2584 2188 scripse-

707 2233 885 2285 runt.
978 2216 1102 2283 Sed
1138 2217 1242 2282 hic
1281 2217 1459 2301 juvat
1503 2215 1770 2296 iterum,
1817 2233 1889 2282 ut
1946 2237 2070 2284 rem
2125 2238 2256 2285 uno
2289 2222 2578 2305 exemplo

711 2337 1095 2402 declaremus
1124 2381 1146 2414 ,
1219 2333 1486 2400 Luciani
1549 2337 1886 2400 memorare
1958 2336 2243 2421 dialogos
2297 2347 2589 2406 mortuo·

708 2473 873 2521 rum.
1004 2429 1336 2521 Comicum
1406 2452 1513 2518 ille
1585 2452 1774 2519 simul
1831 2457 2078 2536 poetam
2156 2469 2223 2520 et
2288 2454 2587 2538 philoso·
2664 2539 2668 2542 ι

707 2572 901 2655 phum
961 2568 1244 2636 Stoicum
1291 2570 1526 2654 egerit,
1610 2584 1675 2635 et
1740 2569 2230 2655 Aristophanem
2277 2572 2574 2656 imitans,

690 2669 915 2775 “ipsum
978 2690 1295 2756 Socratem
1324 2736 1347 2770 ,
1392 2688 1671 2756 virorum
1734 2687 2256 2773 sapientissimum
2288 2739 2313 2771 ,
2359 2707 2430 2758 ut
2473 2711 2582 2758 so-
2652 2725 2659 2732 ·

699 2807 970 2893 phistam
1035 2806 1224 2872 nobis
1281 2807 1551 2889 aliquem
1588 2807 2015 2891 ‚proposuerit
2057 2805 2123 2852 (θ
2148 2854 2173 2885 ,
2235 2806 2396 2872 illud
2461 2806 2584 2873 So-

697 2925 965 2992 craticae
1019 2942 1151 2990 non
1205 2924 1416 2990 minus
1439 2971 1464 3005 ,
1522 2937 1704 3005 quam
1770 2923 2019 2990 Stoicae
2075 2913 2522 3010 philosophiae
2546 2974 2571 3009 ‚

700 3024 1066 3126 praesertim
1105 3059 1258 3108 vero
1295 3042 1634 3108 Platonicis
1674 3041 1936 3126 dialogis
1984 3041 2249 3125 debuit,
2293 3059 2366 3110 ut
2403 3064 2594 3111 mor·⁴

698 3174 955 3226 tuorum
1014 3161 1179 3240 hos,
1224 3178 1388 3241 quos
1429 3159 1684 3244 scr-psit
1708 3207 1732 3242 ,
1776 3159 2059 3245 dialogos
2104 3139 2278 3226 tanto
2322 3179 2574 3246 semper

697 3278 913 3346 studio
965 3267 1227 3363 legerint
1274 3275 1668 3360 philosophi.
1756 3276 1924 3342 Hinc
1957 3278 2124 3344 enim
2162 3279 2229 3343 in
2268 3277 2395 3345 illis
2440 3299 2577 3364 gra-

695 3415 809 3464 ves
866 3396 1007 3462 illae
1067 3395 1146 3460 de
1209 3412 1415 3460 rerum
1489 3394 1894 3459 humanarum
1966 3395 2243 3464 vanitate
2320 3413 2575 3465 senten·

694 3513 857 3580 tiaet
908 3530 1042 3580 tum
1110 3530 1264 3579 vero
1326 3512 1623 3594 plzzcitum
1685 3511 1939 3594 ipsum,
1988 3516 2161 3595 quod
2213 3487 2574 3582 dominatur

695 3633 761 3697 in
813 3630 990 3711 illis,
1049 3631 1119 3696 'in
1171 3629 1388 3696 inferis
1440 3648 1583 3696 esse
1636 3630 2070 3712 aequalitatem
2123 3630 2400 3697 onmium
2453 3633 2575 3697 ho·

691 3748 977 3830 minum,
1017 3748 1214 3813 unius
1271 3747 1524 3815 virtutis
1581 3749 1877 3814 rationem
1943 3748 2203 3830 haberi,
2271 3749 2418 3830 quis
2475 3765 2577 3818 est

693 3885 879 3951 quem
934 3867 1167 3947 lateat,
1210 3884 1249 3933 e
1303 3864 1545 3950 Gorgia
1608 3865 1763 3933 illud
1808 3865 2089 3933 Platonis
2118 3883 2157 3949 ‚·
2188 3885 2376 3951 quem
2433 3886 2573 3936 mo·

2486 3979 2571 4055 clo

765 4159 849 4234 (ι)
890 4158 1111 4214 Lucinn.
1147 4155 1299 4214 mal.
1332 4166 1498 4213 nort.
1535 4157 1650 4215 XX
1685 4167 1742 4214 et
1777 4151 2037 4231 xxl.'p.
2071 4163 2168 4232 417
2204 4169 2263 4217 ut
2292 4163 2416 4218 420.
