2900 4817
1066 473 1459 544 ...109-

420 639 521 705 Sic
586 638 874 706 Socrates
895 687 917 721 ‚
979 640 1228 726 rejectis
1286 639 1613 708 vilioribus
1693 637 2030 723 quibusvis
2083 636 2187 708 di-

321 755 507 822 cendi
535 755 882 839 propositis
909 801 933 837 ‚
978 756 1041 822 id
1063 803 1085 837 ‚
1146 758 1321 839 quod
1353 756 1419 823 in
1470 755 1828 837 eloquentia
1867 773 2180 823 summum

325 888 429 937 est
448 917 473 952 ‚
533 885 602 939 et
646 872 977 959 distinguit
1022 873 1100 939 ab
1148 874 1248 940 his
1292 872 1622 958 diligenter
1682 887 1745 940 et
1803 872 1989 939 unice
2048 874 2187 939 lau·

321 986 477 1051 date
544 1006 674 1071 quo
733 1001 964 1072 sponte
1007 990 1132 1074 jam
1190 989 1314 1075 ipsi
1373 990 1777 1076 intelligimus
1802 1036 1827 1072 ‚
1909 1009 2023 1058 cur
2095 991 2179 1056 de

326 1102 615 1187 pristinis
674 1105 1153 1172 Atheniensium
1213 1107 1569 1174 oratoribus
1592 1155 1617 1189 ‚
1691 1109 1771 1175 de
1831 1107 1974 1193 ipso
2022 1107 2181 1174 adeo

328 1221 568 1287 Pericle
591 1267 617 1302 ‚
659 1221 866 1288 minus
889 1225 1196 1306 praeclare
1226 1223 1616 1291 existimasse
1656 1222 1940 1290 videatur
1978 1225 2185 1291 Plato·

331 1338 768 1430 Huiusmodi,
811 1340 1176 1422 ait‚orator
1203 1360 1319 1408 nec
1347 1342 1536 1408 hodie
1569 1355 1711 1422 est,
1753 1359 1868 1408 nec
1908 1358 2183 1422 unquam
2243 1366 2253 1381 ·

283 1451 493 1536 ,fuit3
582 1457 810 1539 quodsi
888 1456 1134 1539 quaeris
1173 1491 1228 1539 ‚·
1278 1458 1481 1541 qualis
1555 1459 1641 1524 sit
1664 1506 1686 1540 ,
1764 1475 1914 1543 age,
1973 1457 2185 1526 bonus

331 1545 514 1652 virs
527 1571 765 1654 quique
807 1574 1047 1656 optimo
1101 1574 1372 1641 consilio
1443 1574 1596 1642 dicit
1619 1623 1643 1658 ,
1687 1593 1899 1641 nonne
1959 1575 2185 1657 procul

334 1688 511 1755 abest
530 1735 556 1770 ‚
624 1702 696 1753 ut
733 1703 966 1757 temere
1011 1693 1309 1775 loquatur
1328 1739 1353 1774 ‚
1411 1693 1529 1760 sed
1584 1685 1820 1773 aliquid
1873 1690 2183 1775 respicit?

333 1804 553 1871 Prouti
611 1805 837 1872 caeteri
884 1805 1151 1873 artifices
1216 1825 1431 1874 omnes
1458 1853 1482 1889 ‚
1544 1808 1622 1873 ad
1660 1825 1846 1874 suum
1910 1804 2187 1889 quisque

338 1942 502 2007 opus
551 1922 959 2007 respicientes
982 1970 1007 2005 ‚
1049 1940 1182 1990 non
1223 1938 1456 1991 temere
1488 1924 1770 2010 eligunt,
1818 1923 1991 2006 quod
2030 1941 2185 2007 ope·

335 2040 387 2104 ri
451 2058 573 2105 suo
625 2040 958 2108 adhibituri
1013 2056 1209 2121 sunt,
1269 2041 1379 2108 sed
1440 2054 1516 2108 ut
1569 2040 1842 2125 speciem
1893 2036 2185 2107 formam·

337 2174 462 2238 que
516 2156 739 2223 habeat
793 2161 1114 2242 quamdam
1151 2158 1256 2240 id,
1300 2160 1477 2242 quod
1511 2159 1874 2240 elaborant,
1935 2158 2188 2226 enitun-

333 2287 472 2339 turt
519 2272 760 2356 veluti,
818 2276 874 2340 si
912 2274 1188 2360 pictores
1232 2275 1326 2342 vis
1368 2275 1724 2356 attendere,
1758 2273 2137 2341 architectos
2159 2320 2186 2354 ,

334 2369 580 2458 navium
657 2406 1123 2459 constructores
1150 2439 1172 2473 ‚
1235 2409 1514 2461 caeteros
1578 2392 1847 2459 artifices
1917 2409 2131 2458 omnes
2155 2436 2182 2471 ‚

334 2508 544 2592 quivis
593 2527 810 2578 eorum
878 2508 944 2574 in
987 2510 1263 2575 ordinem
1320 2509 1602 2594 disponit
1666 2509 1957 2594 singula,
2024 2525 2191 2592 quae

333 2626 616 2711 disponit
640 2673 665 2707 ‚
708 2627 1011 2711 cogitque
1071 2626 1185 2693 alia
1222 2627 1358 2693 aliis
1419 2627 1718 2708 quadrare
1756 2641 1821 2693 et
1876 2644 2186 2711 congrue·

333 2761 439 2826 re,
485 2745 688 2810 donec
758 2758 962 2810 totum
1023 2744 1341 2828 negotium
1403 2759 1549 2825 apte
1599 2744 1947 2810 ordinatum
2003 2760 2187 2809 exor-

333 2873 678 2943 natumque
751 2859 1134 2927 constiterit.
1257 2859 1329 2925 Id
1389 2876 1610 2925 omnes
1676 2858 1945 2924 artifices
1967 2904 1991 2938 ‚
2071 2871 2135 2923 et
2160 2903 2188 2938 ,

338 2996 504 3059 quos
543 2977 734 3044 modo
771 2975 1084 3056 diximus‚·
1111 2991 1452 3059 puerorum
1493 2973 1856 3039 educatores
1889 2988 1956 3039 et
1992 2973 2187 3039 medi-

336 3094 396 3160 ci
462 3106 659 3178 agunt
730 3109 1040 3179 perpetuo
1075 3139 1101 3174 ,
1180 3111 1412 3177 corpus
1484 3090 1731 3175 fingunt
1796 3109 1868 3156 ac
1927 3077 2190 3175 compo·

333 3225 537 3277 nunt=
585 3210 678 3276 sic
710 3225 915 3276 autem
949 3223 1011 3276 et
1054 3211 1275 3276 domus
1312 3224 1377 3276 et
1410 3209 1587 3276 navis
1609 3223 1670 3275 et
1690 3227 1925 3292 corpus
1984 3209 2190 3275 homi·

333 3327 434 3392 nis
489 3341 562 3392 ut
610 3326 875 3392 formam
936 3326 1342 3409 hab÷tumque
1397 3327 1689 3396 idoneum
1734 3327 1972 3411 accepit
1994 3370 2018 3406 ‚
2080 3326 2190 3393 be-

339 3462 421 3511 ne
462 3443 820 3511 sehabebit.
858 3442 1031 3528 Quid
1051 3461 1204 3510 vero
1241 3443 1484 3510 animus
1527 3442 1858 3509 hominis?
1903 3442 2192 3524 Corpus,

344 3564 520 3645 quod
564 3561 725 3628 bene
773 3580 844 3627 se
889 3562 1115 3641 habet,
1157 3580 1377 3626 sanum
1413 3573 1678 3626 vocatur
1737 3571 1803 3624 et
1843 3558 2187 3625 robustum.

335 3681 574 3747 Nonne
624 3678 710 3746 ita
772 3678 1012 3745 animus
1034 3725 1058 3759 ‚
1099 3677 1382 3744 ordinem
1426 3651 1844 3758 ornatumque
1882 3693 2190 3743 consecu-

338 3812 447 3863 tus
473 3845 497 3879 ‚
562 3802 737 3882 νόμον
774 3797 922 3885 legis
987 3813 1266 3861 normam
1334 3793 1688 3875 obtinebit,
1740 3794 1909 3860 unde
1962 3797 2195 3878 νόμιμοι

339 3916 636 3982 dicuntur
678 3929 743 3982 et
800 3917 1072 3997 κόσμιοιε
1119 3911 1184 3978 id
1246 3926 1450 3979 autem
1490 3925 1589 3979 est
1612 3911 1883 3996 justitia
1921 3924 1987 3977 et
2042 3926 2197 3978 tem·

329 4032 660 4121 perantia.
749 4029 914 4098 Huc.
954 4029 1155 4116 igitur„
1196 4027 1535 4114 respiciens
1573 4043 1801 4114 orator,
1844 4026 2000 4112 ille,
2065 4043 2200 4102 arte

2099 4160 2203 4211 m·
