2900 4817
1316 405 1710 452 2—120—

587 566 975 657 studeamus.
1091 568 1270 653 Quae
1343 567 1504 633 ratio
1566 564 1658 631 sic
1722 546 1979 633 naturaie
2054 552 2469 639 ,consentanea
2547 566 2561 589 ⁸

566 698 680 753 ,εει
720 681 1248 765 ingeniissmmani
1272 730 1298 766 ,
1369 696 1442 748 ut
1492 681 1726 766 linguis
1761 683 1914 748 adeo
1973 684 2257 751 omnium
2318 706 2465 771 gen,

584 796 746 866 tium
814 800 1282 883 comprobetur.
1388 799 1606 882 Nam,
1684 799 1860 882 quod
1931 819 1968 866 a
2026 803 2463 885 compluribus

589 895 1084 984 animadversum
1133 908 1536 1001 philosophis
1580 932 1722 1019 est,
1768 935 2181 1003 quaecunque
2236 919 2305 986 in
2342 919 2463 995 lin·

585 1035 732 1120 guis
795 1033 1101 1102 vocabula
1176 1036 1302 1119 res]
1358 1030 1636 1101 indicant
1689 1053 1727 1099 e
1778 1033 2079 1117 sensibus
2138 1051 2410 1104 remotas
2431 1085 2462 1121 ,

584 1153 698 1226 vel
744 1146 930 1219 ducta
983 1168 1133 1218 sunt
1163 1154 1263 1219 vel
1323 1154 1599 1219 colorem
1659 1166 1828 1233 certe
1870 1152 2102 1220 habent
2133 1172 2170 1220 a
2215 1154 2408 1222 rebus
2434 1202 2464 1240 ,

586 1288 747 1352 quae
824 1270 1155 1352 videntur,
1217 1271 1609 1353 audiuntur,
1697 1286 2085 1356 tanguntur,
2160 1271 2458 1340 sensibus

583 1387 846 1453 ‘omnino
908 1387 1365 1495 percipiuntur.
1454 1391 1545 1457 Et
1593 1407 1746 1456 vero
1771 1432 1800 1472 ,
1840 1389 1966 1456 nisi
1990 1410 2083 1455 ex
2135 1388 2312 1456 hisce
2345 1408 2460 1456 co·

581 1498 886 1587 gitando
920 1504 1216 1590 imagines
1277 1525 1598 1574 sumamus
1665 1508 1745 1574 ad
1797 1508 1902 1572 illa
1950 1504 2137 1573 nobis
2217 1526 2463 1591 reprae-

584 1622 928 1705 sentanda,
988 1642 1070 1689 ne
1111 1622 1389 1708 cogitare
1427 1624 1587 1691 adeo
1651 1624 1840 1707 nobis
1895 1625 1973 1692 de
2027 1623 2152 1692 illis
2213 1625 2455 1693 liceret.

584 1738 784 1827 Quod
814 1754 1065 1806 nostrae
1101 1740 1349 1821 linguae
1387 1738 1673 1821 Belgicae
1710 1741 2088 1809 vocabulum
2129 1739 2465 1810 derikbeeld

587 1871 652 1933 et
708 1856 958 1942 probat·
996 1871 1059 1941 et
1116 1857 1344 1923 eximie
1389 1858 1684 1925 illustrat.

665 1970 856 2040 Haud
913 1971 1140 2039 iccirco
1195 1974 1300 2040 vel
1369 1976 1665 2040 miremur
1719 1976 1825 2042 vel
1897 1995 2083 2061 aegre
2129 1973 2403 2042 feramus
2425 2023 2461 2061 ι

582 2089 697 2157 ubi
759 2089 1019 2175 Hospes
1081 2068 1415 2159 ille''nobis
1456 2090 1716 2159 viliores
1779 2107 1991 2187 artes,
2056 2109 2132 2159 ut
2182 2082 2459 2178 piscato·

578 2206 735 2285 riam
771 2223 836 2275 et
877 2190 1243 2291 auctoriam,
1270 2208 1603 2293 proponit.
1667 2209 1972 2296 Imagines
2013 2225 2199 2295 sunt,
2232 2228 2270 2276 e
2308 2207 2453 2292 qui-e

580 2324 705 2390 bus
743 2326 821 2390 ad
867 2344 967 2396 res
1027 2325 1423 2410 gravissimas
1483 2328 1900 2423 inprimisque
1931 2328 2231 2394 sublimes
2285 2343 2456 2392 asse-

579 2444 860 2525 quendas
922 2445 1345 2528 conjecturam
1405 2444 1731 2510 ducamus.
1817 2443 2095 2529 Negotia
2149 2455 2457 2508 memoras

581 2561 876 2643 deinceps
938 2561 1004 2627 in
1043 2559 1337 2646 Sophista
1387 2563 1579 2647 longe
1627 2561 1810 2627 etiam
1875 2557 2121 2627 viliora.
2228 2557 2396 2624 Nam
2416 2605 2445 2640 ‚

575 2693 766 2763 capto
809 2656 1110 2763 Sophiste
1130 2725 1156 2761 ,
1228 2677 1321 2744 sic
1377 2696 1573 2763 porro
1640 2677 1901 2762 Hospes
1966 2675 2094 2742 illic
2151 2674 2447 2743 Eleates:

579 2776 760 2864 vides
809 2795 1000 2882 igitur
1022 2844 1045 2879 ,
1133 2794 1378 2883 inquit,
1460 2814 1680 2863 verum
1735 2812 1879 2862 esse
1940 2794 2115 2879 quod
2169 2790 2446 2877 dicitur,

577 2907 842 2985 π’·οΙκιᾹον
903 2931 1045 2981 esse
1084 2915 1209 2979 hoc
1259 2912 1527 2995 animal,
1572 2930 1774 2995 utque
1813 2910 2154 2995 proverbio
2201 2909 2448 2993 fertur,

575 3049 710 3098 non
750 3032 943 3096 altera
980 3048 1168 3096 manu
1206 3022 1888 3116 comprehendendum.
1927 3063 2023 3091 ι-
2061 3028 2238 3112 Ergo
2278 3027 2450 3093 utri-

574 3166 704 3231 que
759 3162 1039 3233 oportet.
1083 3188 1172 3219 -÷
1213 3147 1490 3231 Oportet
1547 3164 1697 3213 sane
1755 3159 1819 3212 et
1864 3131 1987 3230 pro
2036 3143 2281 3211 viribus
2352 3142 2449 3211 sic

569 3245 826 3353 agamus
851 3315 876 3349 ‚
961 3265 1327 3350 hujusmodi
1389 3266 1527 3349 ejus
1585 3262 1922 3349 vestigium
1963 3278 2439 3346 persequentes.

573 3382 698 3452 Dic
753 3372 953 3467 mihi',
999 3381 1322 3451 servilium
1367 3377 1695 3448 nominum
1756 3400 2138 3465 usurpamus
2177 3381 2451 3447 nonnul·

571 3501 685 3569 la?
744 3536 840 3569 ιι·-
898 3504 991 3571 Et
1034 3504 1229 3569 multa
1275 3501 1576 3584 quidem3
1641 3499 1756 3567 sed
1814 3499 2445 3577 horummultorum

513 3664 522 3671 -
575 3637 876 3708 quaenam
934 3619 1236 3705 quaeris?
1275 3658 1367 3683 ψ-
1406 3616 1587 3687 Talia
1611 3664 1637 3700 ‚
1682 3617 1886 3699 qualia
1943 3629 2095 3682 sunt
2133 3633 2298 3696 quae
2355 3614 2449 3679 di«.

567 3736 772 3803 cimus
813 3740 1143 3826 percolare
1162 3784 1187 3818 ‚
1241 3738 1614 3804 excribrata
1630 3783 1654 3816 ‚
1716 3754 2025 3802 vennere.
2088 3764 2184 3797 --.·
2244 3730 2453 3818 Quid-e

566 3853 633 3937 ni
647 3852 683 3920 ⁸?
726 3889 819 3921 ‘¹⁸:-
860 3851 1241 3919 Garminare
1257 3868 1573 3936 praeterea
1595 3900 1618 3932 ‚
1660 3848 1961 3917 deducere
1976 3896 2001 3930 ‚
2039 3858 2286 3937 pectere
2303 3898 2329 3931 ‚
2348 3849 2452 3917 ins

569 3970 744 4056 ⁸finita⁵
788 3971 934 4055 item
991 3968 1150 4053 alia,
1195 3986 1356 4071 quae
1407 3969 1474 4037 in
1529 3966 1767 4036 artibus
1830 3966 2120 4052 usurpari
2174 3966 2453 4047 scimus.-

2258 4086 2443 4170 Non-
