2900 4817
1026 467 1418 546 —141—

197 681 208 688 -
279 652 488 707 autem
529 637 795 710 formam
854 642 1077 711 attinet
1107 645 1398 715 dramatis
1429 692 1454 729 ‚
1491 643 1689 728 magis
1734 643 1842 710 ille
1862 640 2151 729 Sophrm

283 775 472 840 nem,
519 780 705 842 quam
723 762 1004 827 comicos
1049 761 1326 829 imitatus
1365 763 1643 830 videtur.
1686 760 1877 827 Hunc
1908 775 2151 845 quanto

280 876 430 940 loco
458 876 782 959 habuerit,
800 892 1114 947 testantur
1140 896 1409 950 veteres.
1456 880 1515 947 E
1549 879 1759 946 Sicilia
1775 880 1912 964 ejus
1928 878 2157 945 mimos

231 1005 238 1014 ·
280 990 569 1061 Athenas
588 995 892 1062 detulisse
908 998 1140 1065 dicitur
1166 1016 1405 1081 eosque
1442 998 1534 1064 sic
1556 997 1906 1082 probasse,
1950 1011 2025 1062 ut
2044 1013 2163 1062 ott-²

278 1110 609 1196 togenario
687 1115 888 1199 major
972 1115 1348 1199 suppositos
1422 1113 1738 1199 pulvinari
1811 1112 2150 1193 habuerit,

280 1230 353 1292 in
390 1251 510 1314 quo
549 1228 984 1297 obdormientis
1019 1253 1082 1298 os
1125 1230 1298 1299 illud
1346 1231 1631 1298 divt'num
1656 1277 1682 1310 ‚
1726 1243 1799 1294 ut
1838 1229 1923 1295 ait
1966 1229 2157 1295 Valc-

283 1345 667 1429 kenaerius,
755 1349 1129 1416 reclinabat.
1199 1347 1264 1393 <¹³
1361 1348 1453 1414 Et
1540 1365 1693 1413 sane
1751 1345 1990 1428 placida
2043 1345 2163 1410 ho·

284 1482 424 1530 rum
490 1465 827 1531 mimorum
881 1465 1300 1550 inprimisque
1364 1463 1631 1547 dialogis
1675 1478 1818 1545 apta
1866 1462 2022 1529 ratio
2079 1479 2162 1529 ex

289 1580 628 1648 Theocriti
712 1582 1106 1668 intelligitur⁴
1157 1580 1658 1648 Pharmaceutria
1724 1593 1789 1646 et
1877 1579 2161 1648 Adonia·

287 1698 466 1764 zusis
491 1745 515 1778 ‚
561 1718 723 1781 quae
769 1698 915 1764 inde
955 1698 1286 1766 informata
1323 1711 1499 1764 sunt.
1590 1697 1756 1777 Sed,
1802 1696 2167 1779 qualiscun-

287 1831 419 1895 que
465 1813 713 1880 tandem
757 1814 998 1901 dialogi
1046 1814 1350 1882 Platonici
1396 1834 1433 1880 a
1472 1814 1882 1882 Comicorum
1923 1827 1988 1881 et
2021 1814 2161 1882 Lu·

287 1929 450 1996 ciani
493 1930 879 1999 dramatibus
934 1932 1265 1999 diversitas
1313 1932 1397 1999 sit
1416 1978 1442 2014 ‚
1490 1929 1649 1998 illud
1697 1931 1777 1998 de
1815 1931 2165 1999 Aristooele

283 2047 838 2115 animadvertamus
882 2049 1150 2117 maxime
1174 2096 1198 2130 ‚
1258 2047 1533 2136 dialogos
1580 2067 1722 2116 eum
1788 2047 2162 2116 destinavis-

285 2184 358 2231 se
411 2165 790 2250 argumentis
825 2166 1317 2249 ‘popularibus‚
1376 2165 1661 2232 interiori
1722 2184 1876 2233 vero
1924 2166 2163 2234 doctri-

288 2299 409 2347 nae
461 2285 995 2349 commentationes
1018 2330 1042 2364 ‚
1086 2302 1286 2366 quum
1342 2284 1524 2351 Plato
1575 2283 1838 2367 dialogis
1883 2287 2165 2368 comple-

289 2418 412 2466 xus
468 2400 676 2465 omnia
727 2398 980 2469 fuisset.
1067 2402 1256 2469 Unde
1306 2401 1368 2466 in
1413 2400 1634 2485 primis
1690 2400 2165 2468 Platonicorum

289 2516 669 2600 scriptorum
715 2536 845 2583 non
900 2518 1019 2584 dos
1076 2532 1139 2585 et
1198 2516 1658 2585 commendatio
1681 2565 1705 2598 ,
1751 2517 1864 2583 sed
1914 2533 2161 2584 natura

302 2634 594 2702 efficitur.
683 2634 866 2726 Quae
926 2635 1092 2701 enim
1168 2635 1461 2700 dramatis
1515 2634 1723 2701 forma
1780 2634 1952 2718 apud
2013 2653 2161 2702 enm

292 2752 504 2819 allexit
575 2752 653 2818 ad
729 2752 1058 2835 legendum
1136 2751 1846 2834 philosophandumque
1897 2752 2165 2835 'elegan-

290 2868 476 2936 tiotis
537 2865 771 2951 ingenii
841 2868 1129 2932 homines
1153 2914 1177 2948 ‚
1261 2869 1404 2932 talis
1476 2867 1631 2933 haec
1686 2867 1926 2932 scilicet
1983 2881 2112 2933 erat
2134 2913 2161 2947 ‚

296 3001 372 3053 ut
414 3004 536 3052 res·
574 2985 719 3051 item
762 2999 1012 3070 caperet
1037 2983 1559 3060 abstrusissimas.
1651 2983 2028 3068 Respondet
2050 2984 2167 3053 ,illa

297 3108 483 3189 plane
534 3102 658 3187 ipsi
721 3103 999 3169 Socratis
1044 3102 1491 3187 phiiosophiae
1515 3149 1539 3184 ,
1586 3121 1749 3185 quae
1791 3099 1996 3167 doctis
2035 3120 2169 3168 non

294 3221 463 3302 alia,
522 3220 639 3287 alia
678 3220 950 3287 indoctis
994 3219 1159 3301 fuit,
1220 3222 1333 3287 sed
1396 3220 1631 3305 pariter
1682 3219 1975 3302 utrisque
2017 3238 2171 3288 con·

297 3336 613 3405 veniebat.
703 3336 921 3402 Sermo
961 3337 1070 3403 vix
1111 3338 1371 3422 cogitari
1414 3338 1762 3422 simplicior
1804 3352 1871 3404 et
1906 3336 2170 3405 familia·

299 3456 355 3522 ri
390 3453 562 3522 vitae
617 3453 1061 3520 consuetudini
1117 3454 1602 3526 convenientior
1657 3468 1917 3539 potest,
1983 3473 2170 3537 quam

303 3590 437 3654 quo
501 3569 569 3637 in
617 3569 896 3636 Phaedro
941 3570 1019 3635 de
1076 3570 1320 3637 dicendi
1376 3572 1819 3654 scribendique
1869 3585 1999 3638 arte
2045 3572 2178 3658 agi·

302 3704 451 3757 tur:
495 3687 895 3771 amplectitur
933 3702 1141 3754 autem
1179 3688 1343 3753 idem
1385 3707 1595 3768 senno
1638 3688 1968 3755 sublimem
2000 3688 2170 3778 illam

306 3807 390 3872 de
426 3808 651 3890 pulcro
692 3818 756 3871 et
795 3823 1010 3872 amore
1049 3804 1397 3871 doctrinam
1424 3850 1447 3885 ‚
1495 3824 1657 3887 quae
1718 3806 1854 3891 ipsa
1893 3807 2176 3874 continet

2037 3941 2179 3991 Um·

1898 4049 1975 4066 ·.
2024 4039 2067 4084 μ

383 4070 467 4141 (ι)
505 4065 705 4127 vaith.
740 4069 808 4123 aa
850 4068 1090 4123 Theca.
1128 4069 1395 4124 unam.
1428 4089 1487 4140 ρ.
1524 4055 1645 4143 19⁴ss
