2900 4817
1468 463 1818 533 —28—

688 644 883 736 Quod
950 646 1245 732 placitum
1273 696 1297 730 ,
1384 665 1536 733 post
1595 652 1904 717 Baconem
1969 651 2320 734 neglectum
2385 648 2559 731 fere,

688 768 1025 833 instaurata
1090 767 1417 853 superiore
1478 771 1731 834 saeculo
1785 767 2237 852 philosophia,
2299 766 2563 833 mirifice

685 883 923 969 placuit
965 883 1368 968 philosophis
1393 932 1418 965 ‚
1464 884 1828 967 praesertim
1881 883 2348 951 Gallofrancis:
2399 903 2564 967 quo-

684 1016 822 1064 rum
874 997 1193 1083 principes
1217 1047 1239 1080 ‚
1281 999 1647 1064 auctoribus
1697 1000 2151 1067 D’Alemberto
2191 1014 2254 1065 et
2293 998 2563 1075 Condil-

678 1114 843 1181 lacio
869 1163 894 1199 ‚
960 1118 1208 1200 explere
1264 1115 1520 1200 Anglici
1584 1117 1953 1200 philosophi
2027 1133 2251 1183 votum
2311 1136 2561 1183 summo

681 1230 901 1299 ardore
951 1234 1354 1301 studuerunt.
1465 1234 1862 1320 Quamquam
1918 1253 2016 1300 res
2064 1254 2195 1302 non
2257 1236 2345 1302 ita
2399 1235 2564 1302 ceci-

686 1342 783 1414 dit
807 1398 831 1431 ‚
878 1364 952 1417 ut
980 1350 1151 1416 Baco
1188 1364 1515 1436 optaverat
1560 1365 1620 1415 et
1661 1351 1786 1434 ipsi
1825 1352 2310 1420 contenderunt.
2397 1349 2561 1418 Nam

680 1486 797 1533 nec
857 1469 1009 1534 satis
1066 1470 1462 1552 exploratum
1509 1465 1633 1534 fuit
1682 1468 2003 1553 ingenium
2052 1470 2391 1536 humanum
2418 1476 2448 1554 ‚'
2487 1486 2564 1536 ut

684 1598 903 1651 omnes
962 1582 1125 1674 inde·
1160 1598 1326 1648 artes
1382 1582 1834 1665 doctrinaeque
1894 1583 2080 1651 facile
2136 1585 2557 1667 ducerentur,

684 1703 1038 1784 ductaeque
1076 1701 1220 1766 inde
1256 1701 1719 1784 explicarentur
1776 1700 1933 1768 rite:
2003 1716 2064 1766 et
2102 1700 2476 1786 'prodierunt
2529 1724 2564 1769 e

684 1826 869 1885 vasto
943 1819 1284 1903 proposito
1363 1820 1882 1903 encyclopaediae
1909 1866 1935 1901 ‚
2021 1819 2356 1887 utilissima
2419 1839 2566 1887 sane

687 1940 878 2019 opera
929 1951 995 2003 et
1040 1935 1341 2021 augendis
1384 1935 1976 2020 locupletandisque
2023 1936 2331 2005 doctrinis
2372 1937 2570 2022 aptis·

686 2054 842 2119 sima
865 2102 887 2135 ‚
928 2142 939 2149 φ
976 2055 1104 2119 imo
1162 2053 1507 2120 necessaria
1558 2053 1791 2144 hodie,
1876 2054 1987 2119 sed
2045 2054 2568 2138 encyclopaediae

686 2184 891 2237 tamen
919 2220 942 2254 ,
1005 2170 1052 2236 i.
1099 2189 1161 2271 e.
1205 2172 1651 2251 vocabularia‚
1691 2169 1930 2253 quibus
1988 2187 2152 2239 artes
2212 2186 2277 2238 et
2332 2173 2568 2239 doctri⁶

686 2307 806 2355 nae
829 2338 853 2372 ‚
892 2289 1055 2355 nisi
1100 2290 1414 2356 literarum
1477 2288 1703 2354 ordine
1727 2336 1752 2370 ‚
1835 2289 2015 2355 nullo
2091 2289 2572 2356 continerentur

687 2407 973 2472 vinculo,
1034 2406 1130 2472 Ut
1170 2416 1446 2487 unquam
1495 2404 1560 2470 in
1598 2407 1803 2472 lucem
1868 2408 1991 2474 tale
2028 2408 2428 2491 proditurum
2484 2411 2572 2476 sit

686 2543 854 2608 opus
874 2571 898 2604 ‚
945 2525 1130 2605 quale
1168 2522 1295 2587 sibi
1334 2543 1451 2606 spe
1504 2537 1565 2588 et
1621 2525 2092 2608 exspectatione
2144 2524 2566 2596 informarunt

687 2639 1271 2724 encyclopaedistae
1326 2638 1461 2722 illi,
1548 2635 1645 2707 est
1715 2642 1890 2724 quod
1962 2660 2307 2717 vereamur,
2440 2645 2566 2712 Sed

690 2758 1060 2840 quicunque
1111 2759 1216 2823 vel
1272 2758 1396 2823 hoc
1452 2760 1554 2824 vel
1606 2756 1814 2825 simile
1877 2758 2203 2844 negotium
2257 2760 2334 2828 ad
2396 2780 2571 2830 sum·

688 2896 859 2942 mum
917 2874 1340 2941 doctrinarum
1399 2878 1891 2942 emolumentum
1951 2876 2090 2944 sive
2145 2896 2312 2945 nunc
2337 2892 2346 2905 ¹
2373 2880 2570 2946 medi·

688 3008 900 3060 tantur
920 3040 946 3075 ‚
991 2992 1129 3059 sive
1190 2993 1501 3077 peracturi
1551 3007 1706 3059 sunt
1751 3007 1974 3077 postea
1997 3040 2023 3075 ‚
2068 2995 2188 3061 hos
2244 2995 2570 3077 oportebit

688 3127 753 3179 et
814 3111 1139 3179 Platonem
1195 3112 1399 3197 legere
1422 3159 1446 3193 ,
1532 3130 1648 3178 nec
1709 3129 1861 3178 sane
1921 3112 2244 3209 repudiare
2309 3111 2571 3178 Cicero-

691 3247 861 3298 nem.
948 3230 1125 3296 Plato
1167 3245 1297 3295 rem
1351 3241 1547 3295 totam
1570 3274 1596 3309 ,
1641 3241 1713 3294 ut
1755 3228 1962 3294 omnis
2019 3247 2139 3294 nos
2190 3229 2408 3295 docuit
2461 3248 2574 3296 su·

688 3346 909 3431 perior
936 3344 1331 3431 disputant),
1374 3346 1452 3413 ab
1496 3345 1656 3429 ipsis
1700 3345 2031 3431 principiis
2077 3346 2348 3431 repetiit.
2396 3346 2577 3415 Sem-

692 3483 813 3546 per
863 3465 1191 3531 attendens
1256 3463 1530 3529 animum
1595 3478 1885 3529 nostrum
1910 3510 1936 3545 ‚
2003 3463 2140 3531 sive
2197 3464 2276 3531 de
2328 3464 2578 3531 artibus

694 3581 1109 3663 quaerebatur
1127 3629 1152 3662 ‚
1202 3568 1361 3663 quae
1420 3581 1499 3648 ad
1560 3580 2007 3649 humanitatem
2064 3580 2384 3663 pertinent
2404 3629 2431 3664 ,
2484 3582 2577 3650 de

696 3692 967 3774 musica,
1012 3696 1090 3763 de
1132 3698 1312 3781 poesi
1338 3745 1360 3779 ‚
1406 3700 1486 3765 de
1520 3698 1807 3782 pictura,
1855 3700 2229 3783 sculptura,
2270 3699 2573 3782 caeterIS,

696 3830 919 3878 omnes
960 3830 1037 3877 ex
1085 3814 1304 3900 pulcri
1363 3834 1616 3897 amore,
1703 3830 1996 3899 tanquam
2051 3815 2237 3883 fonte
2295 3836 2581 3886 commu·

695 3932 819 4009 ni‚·
853 3946 916 3994 et
966 3930 1352 3996 naturalibus
1400 3932 1675 3999 hominis
1724 3933 1950 3998 studiis
2007 3953 2077 3999 ac
2124 3931 2459 4017 sensibus,
2505 3954 2582 4015 ex

698 4046 980 4114 imitandi
1038 4045 1294 4130 stud10‚
1362 4068 1438 4117 ex
1504 4050 1783 4136 rhythmi
1844 4051 2326 4155 harmoniaeque
2389 4024 2581 4120 sensu

1773 4164 1780 4175 .
1867 4164 1872 4169 .
2476 4171 2587 4236 de·
