2900 4817
1012 440 1414 508 ...137-

278 601 468 668 nni'mi
539 602 969 671 conditionem
1028 605 1366 690 negligeret
1431 605 1687 671 minime
1711 632 1747 687 ‚·
1817 609 2151 695 praecipue

281 733 530 801 tamen,
610 722 1133 801 quemadmodum
1207 726 1278 786 in
1336 723 1433 788 his
1483 728 1704 790 terris
1759 725 2149 795 erudiremur

281 850 451 902 recte
512 855 582 901 ac
639 855 753 921 per
804 837 1167 922 disciplinas
1223 837 1304 903 ad
1361 838 1497 905 veri
1562 839 1880 908 scientiam
1925 862 2148 927 perve-

280 952 555 1020 niremus
640 955 994 1036 quaesivit:
1061 960 1337 1035 παιδείαις
1396 955 1628 1041 unice,
1690 972 1762 1023 ut
1814 958 1952 1042 ipse
2011 959 2100 1025 ait
2122 1004 2151 1042 ,

282 1084 477 1152 atque
542 1076 939 1151 ἀπαιδευσίας
1000 1074 1199 1159 gratia
1259 1086 1454 1140 totam
1522 1073 1677 1141 hanc
1757 1076 1838 1141 de
1915 1077 2150 1144 mundo

280 1194 462 1273 νοητῷ
505 1186 1011 1270 disquisitionem
1055 1190 1352 1258 instituit.
1394 1189 1486 1253 (ι)
1569 1190 1726 1257 Non
1764 1191 2156 1261 confunden-

280 1304 360 1368 da
406 1303 598 1389 igitur
635 1318 807 1371 erant
831 1351 856 1386 ‚
902 1323 1064 1389 quae
1118 1308 1338 1372 natura
1391 1320 1543 1373 suut
1595 1306 1912 1375 distincta.
1974 1309 2153 1374 Prae-

284 1419 488 1489 stabat
525 1398 579 1487 a⁴
609 1422 836 1488 divinis
881 1422 1144 1488 humana
1202 1422 1555 1489 discernere
1579 1469 1604 1504 ‚
1665 1436 1857 1504 atque
1912 1424 1990 1489 ad
2052 1443 2152 1490 as-

283 1537 660 1617 sequendam
722 1535 966 1602 divinae
1034 1524 1207 1629 iliius
1272 1536 1591 1603 doctrinae
1639 1516 2151 1620 'sublimitatem5

284 1651 613 1717 humanam
674 1651 832 1718 hane
891 1650 1204 1723 adhibere.
1316 1653 1484 1719 Nam
1546 1651 1778 1739 pariter
1838 1654 1942 1718 illa
1993 1654 2152 1738 ipsis

286 1769 389 1835 his
438 1768 644 1835 verbis
679 1770 963 1836 eontinet
1015 1770 1275 1836 homiuis
1333 1768 1427 1836 ad
1475 1770 1671 1837 lucem
1716 1785 1779 1836 et
1816 1773 2150 1838 veritatem

282 1889 754 1953 conversionem.
816 1885 910 1948 (2)
993 1886 1068 1953 In
1120 1885 1228 1953 illa
1280 1885 1515 1971 pariter
1559 1900 1753 1971 atque
1801 1888 1968 1971 apud
2018 1890 2152 1956 Pla-

281 2018 497 2077 ,tonem
564 2022 696 2070 non
747 2002 984 2084 rebus,
1048 2003 1159 2068 sed
1205 2002 1364 2086 ipsis
1408 2001 1768 2069 hominibus
1820 2003 2147 2069 hominum

281 2120 634 2205 ignorantia
692 2119 1023 2185 tribuitur:
1091 2121 1419 2200 ἠγάπησαν
1477 2125 1528 2189 οἱ
1588 2122 1873 2205 ἄνθρωποι
1912 2129 2154 2203 μᾶλλον

286 2242 357 2306 τὸ
397 2238 641 2312 σκότος,
686 2239 721 2314 ἢ
783 2240 852 2304 τὸ
911 2243 1068 2319 Φῶς.
1126 2233 1219 2296 (3)
1305 2233 1501 2319 Quod
1556 2233 1622 2298 in
1682 2234 2151 2302 Hemsterhusii

281 2370 354 2416 ac
423 2353 873 2435 plerorumque
929 2349 1458 2433 philosophorum
1532 2350 1752 2417 morali
1825 2351 2155 2434 disciplina

284 2468 747 2549 desideramus,
803 2467 1082 2536 veritatis
1146 2467 1289 2533 dico
1335 2466 1616 2533 studium
1642 2514 1667 2548 ‚
1712 2466 1778 2533 id
1829 2481 1952 2533 tam
2012 2467 2156 2534 reli-

287 2589 393 2675 gio
469 2588 653 2653 nobis
737 2600 984 2667 nostra,
1081 2604 1266 2667 quam
1346 2585 1624 2652 Platonis
1694 2584 2148 2670 philosophia,

289 2717 605 2787 praestat,
669 2702 926 2785 quippe
961 2720 1117 2782 quae
1171 2714 1235 2766 et
1296 2700 1495 2784 spirat
1546 2700 1868 2769 veritatem
1918 2702 2149 2784 pariter

285 2837 348 2889 et
386 2821 697 2887 hominem
732 2794 862 2884 non
907 2816 986 2883 ad
1036 2816 1332 2882 virtutem
1356 2863 1381 2898 ‚
1425 2830 1498 2881 ut
1556 2815 1690 2883 fere
1731 2817 2151 2900 philosopho·

285 2957 422 3003 rum
495 2935 860 3015 doctrinae,
901 2951 1016 2998 nec
1070 2933 1146 2997 ad
1195 2933 1363 2999 vitae
1405 2932 1791 2997 sanctitatem
1827 2946 1867 3011 ,’
1893 2947 1964 2998 ut
2014 2912 2152 2999 caef-

282 3069 452 3123 terae
509 3051 642 3119 fere
699 3049 1035 3134 religiones
1058 3096 1082 3132 ,
1129 3050 1239 3115 sed
1280 3050 1357 3116 ad
1386 3053 1717 3117 veritatem
1751 3050 1964 3115 ducit:
2009 3054 2038 3120 δ
2085 3054 2149 3121 δὲ

1975 3193 2152 3237 fvnd?

360 3304 442 3374 (ι)
481 3303 620 3358 Eod.
659 3304 701 3356 1.
795 3300 881 3374 (α)
919 3302 1055 3357 Luc.
1103 3304 1236 3356 Act.
1267 3304 1381 3375 Ap.
1431 3302 1659 3357 XXVI.
1714 3303 1797 3354 18.
1857 3301 2150 3370 Frequen-

286 3412 371 3456 ter
396 3403 659 3471 imprimis
690 3401 931 3454 homines
974 3401 1042 3452 ad
1082 3404 1266 3454 Deum
1301 3398 1705 3471 ἔπιςρέφεσθειι
1744 3400 2001 3453 dicuntur
2028 3437 2046 3465 ,
2083 3407 2147 3455 ut

286 3506 399 3575 Bp.
435 3503 510 3555 ad
543 3505 666 3555 cor.
701 3501 781 3554 Π.
816 3519 865 3554 c.
906 3501 959 3554 3.
1012 3505 1067 3571 §-
1104 3484 1189 3556 ιδ.
1226 3503 1335 3571 Ep.
1365 3502 1532 3552 Petu·
1566 3500 1617 3554 1.
1649 3518 1701 3553 c.
1736 3519 1790 3554 2.
1829 3509 1876 3570 §-
1913 3500 1999 3556 25.
2032 3504 2147 3572 Ep.

291 3605 369 3656 ad
407 3602 597 3656 Thess.
635 3601 682 3654 1.
717 3617 766 3652 e.
791 3598 842 3651 1.
879 3598 934 3665 §0
969 3618 1022 3671 9·
1044 3599 1188 3652 Cave
1229 3606 1437 3663 autem,
1478 3615 1546 3649 ne
1586 3598 1706 3651 loen
1746 3596 1853 3652 hue
1899 3600 2100 3652 rosum
2122 3632 2149 3667 2

287 3718 425 3768 quae
477 3697 827 3768 usa-ivone,
885 3714 997 3749 non
1033 3692 1345 3768 ἓπιςροφῆς
1399 3695 1678 3748 notionem
1740 3694 1942 3747 habent
1965 3731 1984 3760 ,
2063 3698 2149 3750 uti

285 3798 459 3850 Hare-
499 3799 723 3867 Euang.
761 3796 810 3849 1.
843 3795 900 3848 4.
935 3803 990 3849 et
1037 3795 1254 3848 infinit·
1305 3794 1445 3846 alin:
1504 3813 1819 3866 quamquam
1887 3775 2167 3849 vertendo*

285 3896 399 3953 faro
457 3896 782 3967 interpretes
833 3895 929 3950 hu
993 3895 1242 3949 notiones
1296 3893 1674 3974 confuderunt.
1729 3908 1739 3918 ·
1800 3895 1882 3966 (5)
1937 3896 2146 3953 Joatm.

285 3995 514 4067 Buang.
550 3994 658 4051 111.
694 4013 777 4070 ¹9·
