2900 4817
273 634 597 710 caeteris?
637 668 733 686 —
775 634 1079 702 Omnino.
1122 675 1212 690 —-
1251 637 1428 725 Quin
1482 637 1663 706 etiam
1713 653 1992 724 possunt
2034 639 2155 708 ob<-

276 755 563 826 stetrices
623 766 688 821 et
739 752 994 820 medelis
1021 754 1410 838 praebendis
1430 800 1456 836 ,
1509 769 1576 821 et
1629 755 2001 823 adhibendis
2063 759 2159 825 in*

274 870 740 939 cantationibus
762 917 788 953 ,
830 889 973 936 cum
1028 870 1297 937 excitare
1338 870 1815 953 parturientium
1859 875 2160 957 dolores,

272 1003 453 1071 tum,
520 1007 791 1071 quarum
849 989 1122 1070 volunt,
1188 987 1450 1069 sedare,
1517 987 1758 1056 efficere
1819 992 1967 1058 item
1994 1039 2020 1073 ,
2085 1005 2161 1059 ut

274 1104 519 1191 pariant
607 1083 772 1188 quae
848 1123 1032 1191 aegre
1098 1107 1508 1189 parturiuntt
1596 1111 1972 1192 eaedemque
1993 1157 2018 1192 ,
2106 1109 2166 1186 si

277 1224 537 1307 quando
587 1225 814 1290 abortu
873 1242 1041 1308 opus
1080 1237 1225 1303 est,
1266 1224 1560 1291 abortum
1617 1224 1920 1293 efficiunt.
1971 1227 2035 1272 (¹2
2076 1257 2169 1281 -ι

278 1342 406 1410 Est
470 1360 630 1409 eane
682 1342 790 1408 ita.
852 1380 944 1396 --
1001 1340 1336 1424 Numquid
1393 1355 1458 1407 et
1517 1343 1641 1408 hoc
1707 1344 1788 1410 de
1846 1344 1972 1410 illis
2027 1342 2163 1409 ani·

281 1460 679 1529 madvertisti
703 1507 727 1540 ,
786 1478 929 1528 esse
966 1460 1211 1527 easdem
1257 1460 1685 1542 sagacissimas
1733 1458 2170 1526 matrimonio*

285 1597 425 1646 rum
485 1577 985 1657 conciliatrices,
1057 1576 1300 1661 quippe
1349 1594 1651 1659 perquam
1704 1577 2042 1670 prudentes
2101 1576 2169 1641 in

285 1696 653 1777 cernendo,
699 1694 900 1777 qualis
954 1693 1180 1759 mulier
1235 1691 1402 1776 quali
1447 1697 1586 1759 viro
1627 1693 1843 1778 juncta
1885 1692 2169 1776 optimos

191 1855 201 1866 ·
287 1813 490 1895 pariat
537 1809 827 1878 liberm?
868 1844 964 1864 -
1001 1810 1073 1875 Id
1113 1828 1244 1878 non
1286 1809 1440 1876 satis
1485 1810 1666 1876 novi.
1711 1839 1806 1862 a·-
1847 1809 2024 1876 Scito
2062 1827 2174 1878 ve*-

291 1947 409 2011 ro,
499 1929 629 1994 hoc
688 1947 791 1993 eas
856 1927 1055 2011 magis
1115 1925 1416 2012 gloriari,
1504 1946 1692 2010 quam
1756 1926 2036 1994 umbilici
2081 1926 2180 1993 in-
2245 1917 2248 1924 ⁴

289 2043 564 2111 cisione.
655 2041 820 2109 Nam
872 2055 1132 2125 reputa:
1200 2043 1603 2127 ejusdemne,
1665 2060 1744 2108 an
1806 2042 1967 2110 alius
2023 2041 2180 2110 artis

291 2179 433 2228 esse
504 2159 827 2228 existimas
853 2205 878 2239 ,
962 2160 1170 2225 colere
1239 2179 1310 2226 ac
1383 2160 1683 2244 colligere
1738 2160 1851 2244 qui
1915 2178 1956 2228 e
2015 2174 2179 2230 terra

292 2293 648 2344 nascuntur
683 2276 970 2357 fructus3
1018 2291 1082 2342 et
1137 2296 1357 2343 rursus
1413 2278 1827 2361 dignoscere,
1872 2278 2053 2360 quod
2107 2278 2176 2346 in

293 2396 510 2461 solum
562 2413 749 2478 quam
818 2395 1129 2478 plantam,
1216 2395 1474 2476 quodve
1532 2411 1749 2461 semen
1803 2394 2012 2479 jacere
2079 2395 2188 2460 de-

294 2528 429 2579 ceat
458 2512 492 2578 ⁴?
534 2546 630 2563 —-
670 2511 827 2577 Non
884 2528 1081 2592 sane,
1126 2512 1240 2576 sed
1291 2512 1572 2596 ejusdem
1626 2525 1749 2578 est.
1793 2541 1879 2563 --
1930 2512 2006 2580 In
2047 2510 2188 2580 foe-

298 2630 495 2698 minis
550 2644 759 2696 autem
783 2676 808 2710 ,
895 2649 936 2693 o
997 2629 1194 2694 amice
1216 2677 1241 2710 ,
1321 2631 1576 2696 alterius
1628 2627 1943 2695 facultatis
1999 2629 2122 2695 hoe
2151 2675 2180 2709 ,

302 2748 567 2816 alterius
608 2747 765 2813 illud
802 2746 1179 2814 existimas?
1222 2783 1311 2798 -
1351 2748 1505 2812 Non
1550 2746 1826 2813 videtur.
1871 2783 1960 2798 --
2003 2747 2196 2814 Haud

304 2884 512 2951 sane3,
580 2865 697 2932 sed
754 2877 1016 2947 propter
1070 2863 1365 2948 injustam
1431 2863 1837 2946 ineptumque
1891 2863 2076 2928 maris
2133 2877 2201 2930 ot

304 2982 623 3051 foeminae
695 2980 1204 3067 conjunctionem
1223 3025 1247 3060 ,
1334 2979 1439 3046 cui
1509 2983 1877 3046 lenocinium
1957 2995 2189 3046 nomen

306 3117 455 3184 est,
496 3098 873 3168 conciliandi
913 3096 1292 3164 matrimonii
1352 3097 1634 3166 officium
1681 3095 1938 3183 fugiunt
1976 3097 2195 3164 obste-

2089 3215 2204 3282 tri·

388 3405 473 3474 (ι)
512 3400 726 3456 Graeca
757 3398 1039 3453 manifesto
1073 3404 1327 3465 corrupta
1362 3401 1524 3449 sunt:
1567 3397 1665 3452 καὶ
1705 3392 1805 3452 ἐὰν
1831 3391 1950 3452 νέον
1970 3391 2036 3452 ’ὃν
2058 3385 2199 3463 δόξῃ

324 3507 706 3581 truentum,
724 3503 1163 3578 ἂμβλίσκουσιν.
1206 3504 1359 3569 Fuit,
1384 3521 1503 3556 cum
1526 3502 1659 3554 mihi
1679 3502 1915 3552 mirifice
1935 3500 2206 3567 placerem

326 3615 707 3688 conjiciendoz
737 3616 837 3672 καὶ
879 3611 979 3670 32⁹
1044 3609 1087 3668 ἂ
1108 3631 1135 3669 ν
1159 3631 1186 3667 ε
1209 3632 1251 3682 μ
1277 3631 1296 3666 ι
1321 3631 1359 3667 αι
1378 3612 1410 3667 ’ἵ
1430 3630 1457 3667 ο
1481 3625 1509 3667 v
1577 3604 1746 3680 2623,
1811 3605 2166 3679 ἀμβλίσκειν
2188 3651 2207 3674 ,

330 3739 397 3776 eo
433 3741 629 3787 msa,
666 3727 732 3774 ut
766 3717 828 3778 οὗ
874 3717 1105 3792 γδνιμον
1141 3724 1392 3798 notaret,
1440 3715 1629 3783 prouti
1685 3714 1782 3785 157
1829 3713 1911 3769 D.
1947 3711 2019 3765 V.
2042 3711 2207 3780 Spu.

338 3822 461 3876 crit.
504 3839 564 3891 p.
586 3823 674 3875 28.
709 3818 823 3875 sed
858 3818 1050 3889 rejecit
1080 3816 1370 3887 juvenilem
1409 3811 1762 3869 temeritatem
1805 3821 1950 3866 aeta·
1970 3825 2212 3880 provee*-

332 3924 465 3977 tior.
540 3921 705 3978 Hunc
743 3919 965 3993 quidem
1015 3917 1149 3972 haec
1195 3918 1337 3974 verti
1380 3913 1447 3969 de
1497 3912 1807 3970 Heindorffi
1850 3913 2202 3987 conjectari:

346 4027 443 4090 izv
475 4025 599 4089 δοῦν
631 4021 788 4100 δόξῃ.
