2900 4817
1094 462 1498 528 ...4,-

343 623 462 691 sed
511 640 675 702 nos,
737 639 821 690 ne
867 621 938 690 in
1003 617 1147 708 ipso
1191 622 1532 711 judicando
1585 623 1788 710 iniqui
1846 629 2094 719 simus„
2164 627 2235 694 ld

335 737 730 806 attendamus
799 737 1165 824 diligenter,
1225 744 1546 826 praeclaro
1600 745 1867 814 eundem
1925 745 2222 829 proposi·

331 866 403 966 to
475 854 630 921 haec
702 872 871 922 nova
948 854 1153 924 fuisse
1228 860 1517 950 molitum
1543 908 1568 943 ‚
1632 880 1747 928 nec
1788 881 1944 928 vero
1995 861 2210 946 fructu
2345 927 2357 938 ,

327 972 470 1058 ejus
541 973 748 1040 studia
812 973 1118 1043 caruisse.
1229 973 1527 1044 Diximus
1590 979 1671 1048 de
1726 978 1993 1046 Luciani
2045 979 2204 1048 alio-

319 1106 596 1174 rumque
640 1088 1031 1160 Graecorum
1054 1139 1079 1173 ‚
1124 1106 1262 1162 tum
1317 1093 1502 1162 etiam
1543 1097 1625 1164 de
1686 1089 2019 1165 Ciceronis
2067 1097 2200 1164 dia·

316 1206 529 1293 logis,
573 1220 688 1289 ut,
753 1207 1043 1277 instituta
1102 1211 1571 1294 comparatione
1593 1257 1619 1292 ‚
1650 1212 1848 1280 dotes
1882 1212 2196 1286 virtutes·

318 1343 448 1409 que
501 1324 785 1392 Platonis
838 1339 1375 1412 cognoscerentur
1447 1329 1824 1395 accuratius.
1926 1326 2011 1396 ln
2062 1349 2190 1414 qua

312 1442 763 1526 disquisitione
819 1443 1071 1512 illorum
1157 1443 1306 1511 item
1353 1445 1549 1518 ,dotes
1624 1444 2029 1530 virtutesque
2076 1427 2191 1514 ex-⁴

308 1561 725 1647 ploravimus.
836 1558 1088 1648 Quodsi
1146 1579 1266 1628 nos
1306 1607 1331 1642 ,
1412 1561 1507 1627 sic
1585 1559 1881 1646 exposita
1951 1561 2184 1650 dialogi

307 1677 617 1747 Platonici
653 1682 877 1746 natura
902 1724 927 1759 ‚
971 1696 1162 1762 porro
1200 1678 1470 1748 velimus
1518 1696 1817 1761 quaerere
1838 1725 1863 1759 ,
1908 1678 2067 1762 quid
2082 1677 2185 1746 illi

304 1796 385 1863 ad
420 1794 791 1869 scribendos
831 1793 1117 1881 dialogos
1137 1794 1382 1862 Platoni
1426 1794 1796 1876 debuerint,
1843 1794 2011 1862 haud
2041 1793 2179 1864 fru-

306 1927 435 1980 stra
454 1929 608 1979 sane
630 1910 810 1979 hicce
840 1928 1008 1978 nova
1040 1911 1145 1978 illa
1161 1911 1495 1980 scribendo
1534 1912 1794 1982 molitus
1829 1910 2166 1981 videbitur.

305 2076 361 2114 „
402 2029 727 2099 Credibile
778 2046 877 2097 est
901 2076 926 2110 ‚
966 2028 1054 2095 ait
1126 2029 1661 2114 wyttenbachius
1682 2078 1708 2111 ‚
1769 2030 1895 2116 jam
1962 2030 2177 2116 ipsius·

297 2146 581 2215 Platonis
640 2159 842 2214 aetate
897 2145 1229 2216 lectionem
1271 2147 1581 2213 librorum
1632 2149 1772 2233 ejus
1809 2145 2172 2233 frequenta·

205 2301 224 2316 2
297 2279 423 2332 tam
480 2265 750 2331 multum
807 2261 1082 2330 valuisse
1131 2262 1208 2330 ad
1238 2264 1720 2334 conversionem
1760 2264 1996 2332 veteris
2051 2284 2171 2331 co·.

296 2381 615 2464 nimediae,
699 2394 774 2448 ut
831 2381 926 2447 sal
998 2379 1251 2448 Atticus
1273 2426 1298 2461 ,
1380 2398 1569 2463 quem
1640 2380 1905 2468 Eupolis
1974 2397 2169 2470 atque

294 2500 601 2570 Cratinus
621 2496 1188 2587 Aristophanesque
1197 2503 1419 2586 poe‘tao
1442 2544 1468 2579 ‚
1491 2537 1580 2552 -
1600 2496 1813 2587 Atque
1830 2498 1953 2565 alis·
1965 2544 1990 2581 ,
2015 2520 2169 2586 quo-

269 2591 432 2685 'rum
471 2613 782 2684 comoedia
823 2618 1039 2703 prisca
1085 2618 1371 2684 virorum
1395 2633 1486 2684 est
1507 2664 1532 2698 ,
1578 2653 1672 2671 -
1709 2620 1982 2684 multum
2021 2618 2162 2703 qui-

286 2737 429 2804 dem
489 2747 557 2800 et
609 2750 811 2800 acrem
833 2779 858 2813 ‚
924 2732 1039 2800 sed
1093 2733 1313 2800 acerba
1363 2732 1679 2801 suffusum
1741 2734 1871 2801 bile
1893 2781 1918 2816 ‚
1983 2753 2161 2826 gere·

287 2849 442 2921 bant
462 2898 489 2935 ,
575 2848 873 2934 paulatim
952 2867 1067 2934 per
1135 2850 1376 2918 mediae
1456 2853 1681 2934 poetas
1753 2851 2118 2928 comoediae
2138 2843 2175 2935 ‚⁴

286 2983 424 3036 turn
478 2984 686 3035 novae
742 2964 810 3033 in
865 2966 1088 3051 primis
1144 2965 1564 3034 Menandrum
1591 3014 1615 3048 ‚
1659 2966 1738 3035 ab
1774 2967 1875 3035 his
1914 2967 2163 3054 labibus

282 3098 660 3175 purgaretur
680 3130 707 3167 ,
770 3097 838 3152 et
889 3086 968 3154 ad
1025 3103 1374 3171 germanam
1437 3084 1709 3152 Atticam
1749 3083 2158 3160 festivitatem

280 3202 777 3298 elegantiamque
854 3200 1316 3287 redigeretur-‚²⁹
1379 3197 1444 3244 ω
1551 3203 1829 3272 Constat
1893 3220 2104 3274 autem
2129 3250 2157 3304 ⁹.

275 3297 562 3390 colorem
610 3318 688 3386 ab
735 3335 818 3385 eo
871 3318 1130 3385 duxisse
1150 3364 1177 3399 ‚
1241 3327 1566 3403 quotquot
1625 3335 1779 3405 post
1828 3337 1974 3390 eum
2022 3320 2155 3392 dia·-

274 3442 470 3527 logos
529 3434 917 3520 scripserunt
938 3479 963 3513 ,
1026 3433 1426 3500 Plutarchum
1482 3433 1821 3519 praecipue
1843 3477 1868 3516 ,
1945 3436 2157 3503 Plato*

272 3557 375 3627 nis
422 3551 961 3631 amantissimum,
1009 3547 1230 3633 ipsum,
1261 3550 1410 3617 item
1451 3549 1804 3618 Lucianum
1851 3551 1917 3619 in
1953 3553 2155 3637 seripf

272 3677 357 3743 tis
414 3671 788 3759 quibusdam
815 3716 840 3750 ‚
885 3682 1020 3738 tum
1055 3685 1211 3734 vero
1262 3667 1633 3735 Ciceronem
1657 3713 1683 3747 ‚
1729 3662 1838 3748 qui
1862 3717 1887 3751 ‚
1930 3689 2153 3753 quam·¹

275 3791 381 3859 vis
431 3808 505 3858 se
549 3787 828 3858 scribere
878 3785 1271 3856 Aristotelen
1323 3802 1519 3884 more·
1561 3785 1788 3857 diceret
1806 3834 1831 3871 ,
1878 3803 2151 3871 quanto·

2035 3921 2146 3985 pe-

340 4042 427 4116 (t)
469 4040 644 4113 Epist.
688 4038 848 4113 Spec.
892 4057 1012 4098 meo
1049 4056 1254 4112 prtem·
1288 4057 1347 4111 p.
1384 4029 1605 4098 XMV.
