2900 4817
1027 482 1413 549 ...225...

312 651 416 718 bis
468 651 805 734 speluncae
846 650 1185 733 proposuit
1206 693 1229 730 ‚
1273 663 1345 714 ut
1373 695 1396 728 ,
1445 646 1957 728 quemadmodum
2001 663 2167 728 noe,

311 768 551 835 mundo
588 772 793 854 ὁρατῷ
856 766 1119 847 relicto,
1187 753 1323 850 Ipsa
1387 752 1703 831 intuentes
1762 768 1922 849 αὐτῷ
1962 768 2045 848 τῷ
2087 767 2161 847 νῷ

307 897 554 952 aeterna
600 884 732 950 veri
775 881 1145 967 exemplaria
1166 929 1189 963 ,
1255 883 1331 947 ad
1376 881 1506 947 veri
1547 879 1864 949 scientiam
1918 877 2167 944 accede·

311 1020 518 1069 remus
542 1048 567 1083 ,
612 1001 886 1067 doceret.
1012 998 1246 1064 Iccirco
1304 1016 1433 1063 non
1482 997 1863 1063 retinebatur
1908 1012 2164 1078 magno·

308 1134 460 1202 pere
506 1117 926 1202 philosophus
952 1162 975 1195 ‚
1025 1135 1153 1197 quo
1217 1115 1421 1180 minus
1498 1129 1750 1180 naturae
1817 1113 2160 1191 humanae,

313 1252 497 1316 quam
551 1230 858 1298 infinitam
907 1221 1221 1311 habebat,
1283 1221 1627 1315 congruam
1686 1239 1826 1295 esse
1893 1226 2163 1294 hominis

312 1347 379 1416 in
440 1348 572 1416 veri
634 1348 892 1415 scientia
937 1347 1447 1432 progressionem
1496 1346 1895 1414 existimaret.
1997 1343 2170 1429 Quin

302 1465 533 1547 etiam,
598 1453 1082 1531 consentaneum
1142 1465 1263 1528 hoc
1306 1455 1586 1547 ‘prorsus
1627 1463 1906 1528 Platonis
1961 1462 2169 1543 philo-

307 1581 568 1665 sophiae
607 1598 792 1663 esse,
834 1599 912 1649 ex
949 1571 1085 1664 ejus
1125 1569 1447 1645 dialectica
1487 1591 1681 1661 patet.
1771 1576 1942 1643 Tota
1971 1577 2166 1661 haec,

306 1709 380 1760 ut
401 1695 719 1782 vidimus,
758 1695 1070 1760 cernendo
1089 1696 1580 1782 iungendoque,
1624 1695 1751 1760 imo
1792 1693 2164 1761 inveniendo

306 1813 729 1898 progreditur.
777 1812 1108 1878 Cernendo
1127 1829 1224 1877 res
1247 1813 1512 1898 declarat
1537 1860 1561 1894 ,
1575 1812 1894 1897 jungendo
1915 1814 1992 1879 ad
2010 1830 2163 1878 con-

306 1928 639 1995 clusiones.
673 1943 736 1994 et
773 1928 1002 2013 judicia
1054 1909 1382 2013 pervenit3
1484 1929 1597 1995 sed
1637 1949 1798 2012 quae
1832 1929 2162 2014 conjunxit

306 2045 636 2113 identidem
657 2092 680 2126 ,
721 2062 948 2109 novam
990 2044 1174 2109 habet
1198 2043 1404 2109 denuo
1444 2045 1803 2126 explorandi
1842 2020 2165 2110 cernendi·

308 2180 436 2244 que
467 2159 781 2226 materiem
808 2205 830 2237 ‚
896 2160 1062 2222 unde
1110 2176 1308 2222 novae
1349 2160 1495 2224 item
1542 2160 1678 2226 sive
1716 2161 2164 2227 conductiones

309 2276 445 2344 sive
462 2275 932 2368 conjunctiones
962 2272 1250 2342 oriuntur
1275 2321 1300 2354 ,
1332 2290 1401 2358 ut
1427 2275 1781 2343 inveniendi
1805 2294 1919 2342 nec
1939 2279 2164 2356 modus

306 2412 422 2484 nec
468 2391 612 2462 finis
652 2404 938 2473 appareat
960 2389 1075 2458 (ι).
1163 2390 1235 2455 In
1275 2391 1374 2456 his
1398 2404 1603 2457 autem
1627 2392 1805 2457 Plato
1841 2409 1970 2459 non
1993 2410 2171 2475 prae-

305 2523 547 2578 sentem
588 2521 828 2575 tantum
869 2509 1026 2574 hanc
1071 2509 1482 2575 eruditionem
1527 2524 1802 2577 nostram
1845 2510 2166 2594 respexit,

306 2628 465 2707 sed,
508 2646 650 2693 cum
686 2627 1088 2692 immortalem
1124 2643 1265 2690 esse
1302 2626 1572 2692 animum
1611 2639 1946 2710 statueret,
1991 2629 2168 2710 quod

204 2812 213 2820 ,
306 2744 379 2812 in
415 2744 539 2810 hoc
571 2762 837 2826 corpore
854 2789 875 2822 ,
917 2762 1029 2825 per
1051 2744 1170 2808 hos
1196 2759 1417 2808 sensus
1441 2789 1467 2822 ,
1511 2759 1819 2824 tamquam
1845 2743 2114 2812 nuncios
2137 2788 2164 2824 ,

308 2859 499 2929 nobis
548 2877 928 2942 cognoscere
974 2877 1104 2925 non
1146 2859 1400 2940 liceret,
1446 2858 1511 2924 id
1549 2855 1795 2926 futurae
1836 2858 2002 2925 vitae
2022 2860 2167 2924 des·

310 2977 573 3056 tinavit:
643 2991 715 3041 ut
758 2975 1218 3058 quodammodo
1268 2977 1566 3056 quadrare
1595 2975 1661 3040 in
1709 2976 1846 3059 ejus
1885 2976 2172 3057 philoso-

310 3093 522 3180 phiam
557 3092 834 3159 videatur
854 3138 878 3172 ,
901 3092 1075 3173 quod
1093 3092 1172 3159 de
1208 3108 1614 3158 monumento
1637 3109 1780 3156 cum
1812 3091 2167 3175 inscriptio·

308 3207 501 3280 nibus
537 3207 1093 3275 Hemsterhusiano
1132 3208 1489 3275 monuimus
1511 3213 1625 3275 ω).
1672 3207 1951 3278 Eatenus
1989 3227 2158 3276 nunc

308 3324 568 3412 quidem
603 3342 724 3392 nos
745 3370 770 3405 ,
814 3338 887 3390 ut
917 3327 1022 3390 ille
1054 3324 1139 3390 ait
1158 3372 1180 3404 ‚
1224 3326 1302 3391 de
1324 3344 1533 3391 rerum
1563 3325 1967 3394 universitate
1992 3317 2162 3412 judi·

310 3460 455 3512 ωε
483 3427 876 3526 possumus,
913 3455 1219 3523 quatenus
1260 3458 1381 3507 nos
1426 3444 1560 3526 eJ'us
1603 3441 1903 3510 certiores
1941 3462 2166 3513 sensus

306 3559 387 3627 hi
422 3558 624 3658 nostri
641 3556 880 3622 faciunt
905 3577 927 3639 3
976 3570 1048 3622 ut
1070 3575 1219 3626 vero
1243 3603 1268 3638 ,
1315 3558 1530 3624 relicto
1554 3558 1674 3626 hoc
1695 3578 1962 3642 corpore
1989 3609 2013 3643 ‚
2032 3563 2164 3629 ani·

316 3695 459 3774 mus
495 3693 610 3760 per
645 3673 802 3738 alios
846 3672 1136 3740 nuncios·
1156 3672 1304 3739 alias
1354 3671 1775 3741 universitatis
1817 3692 2025 3759 partes
2062 3697 2168 3747 ex·

482 3890 489 3897 ·
1260 3777 1274 3791 ’
1493 3785 1502 3788 ’
2023 3795 2167 3879 plo-

391 3968 475 4043 (1)
510 3966 603 4025 nr.
639 3989 775 4042 qm
796 3971 863 4024 «ιο
890 3971 977 4026 his
1006 3945 1165 4042 2013„
1196 3937 1651 4029 menuimnavol.
1674 3972 1754 4028 11.
1783 3970 1954 4027 P.11.
1974 3993 2029 4045 p.
2054 3971 2169 4031 16³.

335 4068 345 4077 '
391 4067 476 4141 (2)
511 4068 588 4128 V·
617 4082 781 4143 cupra
815 4088 874 4143 p.
898 4088 1016 4129 ιιι.

336 4177 345 4186 ,
382 4197 391 4210 .
736 4167 747 4228 ἰ
1225 4172 1275 4240 P
