2900 4817
1096 539 1184 559 --
1224 503 1301 576 81
1345 531 1443 572 -ι-ι·

325 686 458 756 hoc
493 683 709 771 ipsum
761 684 844 753 de
880 675 1026 754 sese
1060 685 1152 754 (⁸³.
1237 686 1380 756 Nec
1425 705 1580 756 vero
1623 665 1751 771 id,
1792 705 2017 757 nostro
2051 690 2215 776 quio.

326 802 468 871 dem
541 802 786 890 judicio
806 849 832 885 ‚
917 821 995 871 ex
1045 804 1429 889 'granditate
1503 805 1827 896 yet-borum
1894 817 2135 875 tantum
2162 857 2187 893 ,

323 922 440 988 sed
496 922 704 985 multo
760 922 939 987 etiam
994 920 1346 987 evidentius
1404 940 1485 989 ex
1539 937 1678 988 toto
1739 923 2188 1014 Demosthenis

323 1052 587 1122 apparet
641 1037 882 1104 dicendi
945 1055 1214 1123 genere,
1279 1040 1452 1120 quod
1515 1038 1735 1104 mirum
1808 1039 1872 1105 in
1930 1042 2187 1108 modum

329 1154 724 1222 Socraticum
773 1168 874 1221 est
910 1168 978 1221 et
1041 1155 1456 1222 Platonicum.
1546 1156 1712 1221 Nam
1777 1176 1969 1239 quum
2014 1159 2191 1243 prin·

325 1270 489 1357 cipis
564 1272 758 1356 hujus
837 1271 1125 1338 Oratoris
1214 1276 1446 1354 scripta
1522 1291 1664 1338 cum
1748 1289 2133 1342 caeterorum
2158 1322 2188 1357 ‚

327 1390 442 1473 qui
495 1401 970 1474 praecesserunt
994 1435 1019 1470 ‚
1104 1389 1497 1454 orationibus
1559 1408 1990 1474 comparamus
2015 1439 2040 1471 ‚
2121 1393 2188 1459 in

325 1505 454 1573 illis
503 1504 758 1589 quidem
799 1519 1054 1571 naturae
1107 1505 1231 1571 vim
1289 1518 1354 1570 et
1391 1506 1860 1587 persuasionem
1901 1509 2195 1593 agnosci·

327 1641 474 1691 mus
496 1671 524 1703 ‚
565 1623 934 1690 admiramur
974 1621 1158 1688 etiam
1202 1637 1408 1687 rerum
1469 1622 1875 1687 humanarum
1950 1625 2199 1708 perspi&

326 1740 615 1809 cientiam
642 1787 666 1821 ‚
730 1733 1086 1805 interiorem
1134 1750 1391 1803 naturae
1450 1736 1751 1805 humanae
1809 1741 2199 1823 pervestiga-

254 1847 269 1859 ’
329 1857 613 1926 tionemx
678 1855 1047 1923 admiramur
1107 1873 1251 1920 cum
1295 1854 1398 1920 his
1438 1857 1834 1940 conjunctam
1885 1857 2193 1926 orationis
2308 1903 2314 1909 -

321 1973 455 2042 vim
510 1974 883 2056 singularem
939 1984 1003 2036 et
1068 1971 1556 2053 sublimitatem3
1628 1973 1735 2038 sed
1778 1991 2197 2058 quascunque

323 2093 570 2159 tandem
611 2093 888 2175 legamus
928 2087 1068 2154 sive
1112 2086 1178 2152 in
1230 2087 1629 2172 Thucydidis
1700 2088 2007 2171 historia,
2051 2092 2197 2159 sive
2253 2175 2257 2179 ⁵

323 2209 489 2294 apud
546 2207 728 2290 ipsos
783 2218 1070 2271 oratores
1133 2204 1446 2270 orationes
1474 2253 1499 2282 ..
1555 2224 1637 2273 ne
1704 2208 1808 2273 vel
1869 2207 2190 2275 Aeschine

322 2324 510 2394 etiam
564 2336 829 2408 excepto
855 2375 878 2408 ‚
919 2321 1367 2389 Demosthenis
1423 2326 1671 2389 aemulo
1698 2369 1722 2403 ‚
1766 2323 2187 2391 desideramus

324 2441 400 2510 in
455 2442 582 2510 illis
638 2440 930 2508 omnibus
956 2488 980 2522 ‚
1036 2459 1222 2523 quam
1281 2439 1416 2528 ipsa
1483 2440 1861 2507 desideravit
1920 2442 2197 2524 antiqui-

324 2572 424 2628 tas
442 2562 815 2642 ,Ἑεινδτητω
854 2557 1018 2625 illam
1045 2603 1069 2639 ,
1114 2569 1298 2638 quam
1347 2556 1652 2624 vocabant
1692 2557 1973 2642 Graeci,
2000 2579 2195 2644 quae-

326 2695 458 2762 que
500 2676 616 2745 uui
645 2673 852 2742 fuisse
889 2674 1146 2759 propria
1182 2674 1596 2741 Demostheni
1632 2675 1903 2743 videtur.
1929 2674 1994 2720 <¹³
2036 2679 2197 2744 Erat

327 2793 490 2861 haec
539 2806 749 2860 autem
805 2792 874 2857 in
908 2790 1340 2858 Demosthene
1382 2793 1738 2875 eiusmodi,
1787 2807 1856 2859 ut
1913 2793 2193 2862 Socratis
2294 2871 2297 2876 ἱ

327 2909 594 2980 tef'erret
664 2912 995 2995 rapam-lav
1017 2951 1042 2988 ‚
1102 2906 1296 3002 libere
1360 2908 1731 2974 sententiam
1798 2909 2032 2976 diceret
2118 2913 2203 2979 de

249 3065 262 3076 ·
333 3026 723 3118 gravissimis
784 3024 1168 3110 reipublicae
1207 3024 1448 3089 caussis
1472 3071 1497 3105 ‚
1541 3042 1656 3091 nec
1698 3024 2101 3111 principibus.
2128 3026 2201 3095 iu

205 3165 212 3171 ’
327 3144 588 3212 civitate
633 3141 786 3209 viris
846 3158 962 3207 nec
1022 3139 1146 3223 ipsi
1188 3140 1432 3224 populo
1476 3155 1756 3225 parceret
1779 3189 1802 3223 ,
1847 3140 1902 3208 si
1943 3124 2209 3225 quidem·

332 3260 504 3334 sive.
535 3260 685 3327 dolo
740 3257 878 3340 ini,
922 3257 1060 3347 sive
1095 3253 1210 3323 hic'
1230 3257 1573 3343 ignorantia
1635 3275 1699 3325 et
1761 3260 2014 3326 levitate
2055 3277 2212 3343 pec·

334 3390 588 3459 asset,
631 3377 894 3443 salutem
937 3375 1194 3442 omnino
1237 3373 1551 3459 publicam
1619 3390 1902 3460 spectare
1970 3376 2201 3459 unice,

336 3513 534 3563 suam?
557 3471 954 3578 alionimque
994 3494 1105 3560 vix
1157 3493 1434 3577 cogitare
1471 3492 1811 3559 videretur.
1872 3493 1996 3557 Sed
2033 3510 2211 3559 acce-

337 3611 573 3679 debant
624 3611 780 3692 dia,
823 3609 1114 3696 inprimis
1168 3609 1504 3677 Socratica.
1616 3609 1771 3676 Non
1832 3609 2030 3676 libere
2073 3623 2215 3677 tan-

340 3745 478 3798 tum
522 3747 586 3797 et
626 3730 865 3814 patriae
903 3729 1131 3795 ductus
1196 3745 1406 3794 amore
1465 3725 1707 3794 dicebat
1749 3726 2049 3811 publice,
2097 3729 2212 3795 sed

2099 3861 2215 3928 1³³-

351 4013 362 4024 ·
415 4014 500 4086 (ι)
541 4013 662 4069 cie.
696 4013 870 4068 nmio
912 3986 962 4068 α’.
1001 4012 1088 4069 ³1.
1127 4011 1215 4073 cf.
1252 4009 1408 4068 om.
1444 4033 1494 4070 e.
1535 4014 1587 4068 4.
1625 4012 1767 4070 mut.
1803 4015 1859 4067 in
1894 4015 2007 4068 vit·
2046 3991 2208 4072 neh.

346 4134 400 4184 c.
455 4144 512 4185 ι.
688 4117 771 4198 (a)
807 4124 1052 4198 Dionysi
1080 4123 1206 4181 1101.
1242 4123 1366 4197 περὶ
1408 4125 1512 4192 τῆς
1552 4127 1701 4196 Δημ.
1748 4117 1989 4182 'suffit'
2062 4139 2067 4150 ·

1259 4215 1311 4288 F
