2900 4817
1057 496 1446 566 ...137-

304 669 556 733 mur,
583 651 811 735 ipsein
857 651 936 721 iis
973 656 1321 740 exagitetur
1341 657 1758 741 Socrates‚⁰>
1799 661 1965 730 haud
2006 665 2191 742 deest

307 780 511 840 tamen
568 768 650 835 iis
710 768 910 835 ironia
971 771 1289 841 Socratica
1349 794 1498 842 cum
1570 777 1821 848 Atticae
1886 780 2182 864 dictionis
2268 809 2275 818 ·

308 885 841 971 humanitatisque
919 888 1116 973 gratia
1208 892 1566 977 conjuncta.
1716 895 1964 984 Operae
2033 920 2182 986 pre·

307 1003 467 1071 tium
510 1004 796 1087 videtur,
860 1005 937 1072 ad
987 1021 1267 1075 naturam
1324 1007 1815 1096 investigandam
1871 1015 2181 1087 Platonici

305 1120 588 1207 dialogi,
631 1123 712 1188 de
750 1123 849 1188 his
909 1125 1125 1208 paullo
1181 1126 1532 1192 accuratius
1586 1145 1794 1214 agere.
1880 1132 2180 1220 Explica·

307 1235 517 1308 bimus
601 1239 687 1306 ita
766 1239 1002 1322 simul,
1043 1241 1258 1330 ‘quod
1320 1244 1658 1346 modovde
1728 1248 2193 1337 Xenophontis,

305 1355 641 1439 symposio
701 1355 899 1422 verbo
959 1356 1470 1442 significavimus.

391 1470 498 1538 Ex
540 1492 674 1555 quo
711 1470 894 1540 fonte
925 1472 1104 1549 Plato
1164 1474 1501 1558 plurimum
1531 1479 1781 1561 hausit,
1825 1499 1903 1550 ex
1949 1485 2173 1557 eodem
2239 1532 2251 1544 -

304 1590 518 1684 hausit
571 1590 934 1660 Lucianus:
985 1592 1317 1675 utriusque
1353 1593 1583 1679 dialogi
1623 1597 1837 1666 multis
1872 1600 2027 1669 locis
2068 1622 2179 1686 co‘·⁸

303 1711 614 1779 micorum
671 1708 953 1776 referunt
977 1755 1003 1790 ‚
1060 1709 1123 1775 in
1185 1709 1404 1795 primis
1452 1712 1902 1798 Aristophanis
1927 1764 1951 1798 ‚
1994 1717 2180 1787 fabu·
2252 1787 2261 1792 ,

304 1827 422 1896 las.
510 1826 962 1893 Verumtamen
1005 1827 1178 1893 Plato
1240 1846 1383 1894 cum
1426 1829 1751 1915 leporibus
1805 1834 2182 1922 salibusque

303 1942 538 2012 Atticis
587 1961 720 2009 eam
797 1941 946 2008 inde
1004 1940 1397 2012 venustatem
1439 1991 1445 2000 .
1488 1949 1871 2034 gratiamque
1942 1955 2176 2025 deliba·

301 2058 441 2141 vit,
487 2077 649 2142 quae
713 2057 869 2124 mire
917 2058 1173 2125 decebat
1240 2061 1613 2132 Socraticam
1649 2070 2171 2157 philosophiam3

301 2176 656 2246 Lucianum
699 2195 854 2243 vero
892 2175 1081 2274 'dicas
1126 2176 1327 2262 ipsius
1370 2179 1817 2266 Aristophanis
1887 2190 2173 2262 habitum

299 2311 766 2378 personamque
840 2291 1143 2361 induisse.
1256 2297 1560 2365 Comicus
1623 2302 1726 2369 hic
1787 2321 1930 2373 esse
1983 2310 2172 2384 simul

299 2425 362 2478 et
404 2409 838 2493 philosophus
878 2412 1131 2494 voluit,
1176 2429 1239 2480 et
1281 2415 1557 2484 Stoicam
1605 2439 1919 2514 usurpans
1963 2426 2028 2496 in
2068 2449 2168 2500 res

298 2529 600 2598 humanas
635 2529 1104 2614 despicientiam
1133 2576 1157 2612 ,
1182 2529 1414 2600 festix‘re
1436 2534 1570 2603 illas
1601 2553 1665 2603 et
1701 2541 2171 2630 Aristophaneo

303 2664 482 2715 more
547 2645 906 2730 exagitavit.
1013 2647 1208 2734 Quod
1261 2648 1402 2734 ipse
1464 2652 1528 2719 in
1580 2655 1956 2728 Prometheo
1999 2664 2176 2751 inge-

296 2783 423 2833 nue
471 2763 816 2830 confessus
857 2778 1002 2846 est,
1049 2783 1181 2847 quo
1229 2769 1375 2833 loco
1435 2769 1670 2858 dialogi
1708 2789 1772 2841 et
1814 2783 2175 2851 comoediae

299 2881 637 2951 discrimen
701 2882 970 2949 notavit.
1115 2883 1350 2967 Neque
1419 2888 1584 2955 enim
1667 2894 1923 2963 omnino
1948 2944 1972 2978 ‚
2035 2900 2171 2984 ait,

294 3015 603 3070 consueta
675 2998 840 3067 inter
880 3017 953 3065 se
993 3015 1185 3082 atque
1237 3003 1439 3070 affinia
1509 3006 1587 3073 ab
1632 3007 1816 3077 initio
1858 3013 2173 3104 Dialogus

295 3132 362 3190 et
396 3115 726 3185 Comoedia
763 3116 1053 3185 fuerunt.
1143 3119 1211 3186 Si
1255 3120 1508 3217 quidem
1549 3124 1658 3193 ille
1689 3127 1861 3195 domi
1896 3145 1960 3198 et
1995 3153 2172 3205 seor·

297 3254 491 3317 sum,
535 3233 887 3316 mehercle,
932 3229 999 3301 in
1039 3236 1408 3304 ambulacris
1451 3259 1595 3308 cum
1650 3246 1866 3328 paucis
1907 3251 2213 3333 quibus-'

294 3357 438 3424 dam
513 3351 974 3436 disputationes
1036 3373 1183 3420 suas
1248 3355 1560 3425 habebat:
1633 3360 1787 3430 haec
1871 3385 2025 3447 vero
2100 3389 2175 3442 se.

296 3471 550 3541 Baccho
603 3485 798 3537 totam
842 3471 1129 3553 tradens,
1196 3471 1259 3538 in
1320 3474 1580 3542 theatris
1628 3481 2040 3567 versabatur,
2084 3489 2176 3557 si.

294 3590 561 3673 mulque
602 3568 904 3670 ludebat,
970 3601 1038 3655 et
1083 3588 1278 3655 risum
1333 3592 1626 3659 movebat
1651 3642 1676 3678 ,
1731 3599 2173 3689 gaudebatque

2073 3741 2173 3793 ὃὸ·

369 3904 452 3978 (ι)
495 3905 655 3958 Dial-
688 3914 852 3957 mort.
885 3898 1041 3957 δέοι
1066 3901 1141 3958 X.
1177 3902 1267 3956 Da
1296 3910 1637 3960 mortuorum
1662 3906 1888 3982 dialogis
1925 3913 2021 3970 hie
2054 3917 2174 3987 agi·

298 4019 417 4057 ιιι
452 4003 649 4058 nolum.
719 4001 861 4059 Nam
894 4009 1110 4056 exstant
1146 4002 1206 4057 in
1247 4006 1366 4076 eju·
1422 4005 1682 4077 scriptio,
1725 4028 1959 4081 quorun
1998 4015 2175 4075 forn·
2260 4085 2265 4092 ⁴

293 4100 458 4173 plane
490 4119 557 4158 ax
622 4100 850 4160 maone
883 4101 1044 4160 duct·
1076 4111 1161 4161 eut
1185 4120 1238 4166 v.
1273 4121 1322 4159 e.
1361 4104 1653 4178 Demopth.
1687 4107 1826 4181 0105
