2900 4817
275 688 522 766 oculo,
581 699 719 752 tum
777 687 983 752 animo
1025 686 1352 773 percipere
1399 691 1714 758 nitamur:
1764 699 1968 776 utque
2017 693 2176 777 pule

270 801 369 867 cri
416 820 618 884 amor,
674 804 867 869 semel
919 801 1241 871 inanimo
1292 815 1595 874 accensus
1620 856 1644 890 ‚
1689 811 1834 876 nos³
1858 811 2028 895 rapit·
2053 811 2170 878 stt-r

266 936 413 984 rore
484 918 761 1001 quodam
829 931 894 986 et
972 921 1405 989 enthusiasmo
1453 926 1531 990 ad
1579 921 1794 1010 ipsum
1827 925 2170 1011 'pulcrum'

268 1037 459 1118 plene
511 1035 900 1120 penitusque
956 1019 1464 1125 cognostendum
1494 1088 1516 1124 ,
1596 1042 1681 1107 ita
1750 1039 1916 1110 ha'ud
1984 1047 2162 1112 aiius’·

266 1151 722 1220 existimandus
770 1154 1238 1224 enthusiasmus
1282 1172 1426 1241 est,
1500 1178 1632 1242 quo
1675 1173 1894 1226 verum
1953 1149 2156 1245 appe·v

268 1268 486 1336 timus.
1214 1279 1221 1286 “
1396 1253 1405 1262 ’
1809 1275 1816 1284 “
1942 1275 1948 1280 ’

352 1388 522 1454 Sunt
576 1388 683 1455 ilia
718 1383 1017 1456 'sublimia
1071 1408 1222 1458 sane
1284 1390 1758 1477 muttorumque
1815 1391 2156 1461 videantur

265 1519 519 1590 captum
588 1511 932 1590 superare3
1003 1508 1165 1590 sed·‚
1253 1522 1328 1575 ut
1399 1507 1720 1575 Pratonica
1763 1491 1972 1591 Tere,
2063 1512 2158 1578 ita

264 1624 415 1690 haec
440 1670 466 1705 ,
502 1622 601 1689 ‘in
660 1623 1048 1690 sublimitate
1092 1643 1386 1709 summa,
1447 1641 1658 1708 parem
1704 1624 1934 1691 habent
1991 1627 2154 1693 sim-'

267 1739 649 1823 plicitatenr:
700 1740 943 1824 quippe
992 1739 1253 1806 naturae
1311 1757 1729 1808 consentanea
1787 1741 2097 1809 humanae
2118 1745 2152 1825 ‚'

268 1858 454 1944 cujus
518 1857 641 1922 hoe
704 1858 1028 1942 proprium
1075 1872 1173 1924 est
1199 1901 1223 1939 ,
1289 1873 1362 1924 ut
1423 1858 1644 1943 pulcra
1707 1873 1959 1943 appetat
2024 1860 2155 1944 pri-

274 1991 492 2054 mum,
539 1987 673 2039 tum
720 1973 853 2040 veri
887 1975 1154 2040 ducatur
1194 1957 1426 2041 amore.
1519 1975 2150 2046 Parvulosividemus

270 2091 579 2158 continuo
642 2105 939 2176 appetere
1009 2094 1226 2176 puIcra
1290 2093 1336 2158 i.
1406 2091 1468 2159 εξ
1540 2091 1970 2178 quaecumque
2011 2099 2150 2163 -lu·

270 2221 463 2291 cent,
532 2209 912 2292 splendent,
990 2212 1215 2274 oculos
1266 2209 1545 2276 afficiunt
1593 2211 1881 2278 maxime.
2006 2213 2150 2279 Nee

271 2341 478 2394 tamen
539 2327 642 2392 his
702 2326 1056 2410 spectandis
1115 2342 1266 2392 sunt
1322 2327 1613 2393 contenti
1638 2375 1662 2410 ,
1746 2343 1996 2393 manum
2042 2339 2153 2395 ex·

274 2445 545 2512 tendunt
600 2444 931 2511 identidem
960 2490 985 2524 ‚
1049 2457 1125 2508 ut
1190 2461 1261 2510 ea
1337 2457 1593 2530 tangant
1613 2492 1638 2526 ,
1708 2455 2102 2510 contrectent
2124 2493 2149 2528 ,

270 2562 663 2646 corripiant:
734 2543 1120 2644 cognoscere
1186 2559 1453 2643 cupiunt
1504 2578 1665 2643 quae
1726 2560 2147 2628 admirantum

268 2680 409 2748 veri
452 2679 737 2746 studium
792 2697 937 2745 cum
985 2677 1193 2761 pulcri
1246 2675 1651 2744 admiratione
1699 2677 2149 2764 conjungunt3

272 2799 450 2882 quod
493 2797 575 2864 iis
621 2797 909 2880 pulcrum
966 2809 1065 2861 est
1115 2795 1324 2861 visum
1352 2841 1377 2875 ,
1430 2795 1533 2875 id,
1589 2794 1741 2876 quid
1782 2795 1869 2860 sit
1899 2809 1962 2860 et
2003 2775 2166 2876 qua-

268 2919 381 2997 le,
424 2916 591 2982 scire
647 2926 859 2980 avent.
948 2909 1260 2977 Infantiae
1328 2912 1480 2976 haec
1544 2924 1609 2976 et
1649 2911 1958 2995 pueritiae
1994 2912 2154 2978 ratio

273 3046 423 3101 est:
508 3031 851 3099 maturiore
906 3035 1106 3096 aetate
1180 3029 1375 3095 homo
1433 3027 1622 3094 altius
1682 3042 1965 3113 spectat:
2037 3049 2149 3096 ve—

270 3169 414 3219 rum
487 3167 662 3216 nunc
741 3147 996 3232 potiore
1065 3149 1277 3227 loco,
1361 3163 1548 3228 quam
1620 3147 1956 3229 pulcrum,
2039 3129 2151 3213 ha'·

268 3268 436 3338 bet:
504 3266 685 3349 quod
752 3266 947 3355 specie
1018 3280 1091 3330 se
1140 3263 1538 3330 commendat
1613 3263 1819 3347 pulcri
1843 3311 1868 3345 ‚
1933 3265 2149 3349 pueris

270 3384 580 3468 relinquit
614 3429 641 3466 ‚
726 3383 868 3466 ipse
946 3399 1166 3450 verum
1259 3381 1325 3446 in
1390 3380 1581 3446 rebus
1660 3379 2011 3462 omnibus,
2088 3381 2156 3448 in

270 3501 522 3589 pulcris
579 3501 737 3568 adeo
760 3547 785 3581 ‚
831 3497 1165 3565 admiratur
1221 3497 1428 3563 unice.
1516 3496 1967 3561 Verumtamen
1993 3543 2019 3579 ‚
2062 3497 2158 3562 ni·

267 3620 331 3687 si
408 3618 572 3685 idem
633 3637 668 3685 a
736 3634 939 3701 puero
1014 3614 1348 3682 admiratus
1422 3616 1643 3697 pulcra
1700 3610 1977 3695 fuisset,
2035 3614 2164 3681 nisi

270 3737 430 3804 haee
482 3733 548 3801 in
607 3733 818 3818 ipsius
861 3732 1072 3799 animo
1110 3732 1526 3798 suscitassent
1563 3729 1994 3814 aluissentque
2049 3751 2161 3800 ve-

271 3851 335 3918 ri
388 3867 661 3920 amorem
683 3896 709 3933 ,
772 3866 989 3917 verum
1047 3848 1138 3920 sic
1196 3866 1400 3917 amare
1425 3895 1449 3934 ‚
1519 3849 1611 3916 sic
1670 3848 1855 3916 unice
1898 3837 2158 3938 diligere

274 3985 348 4043 et
404 3967 687 4036 admirari
749 3985 880 4040 non
940 3967 1285 4053 coepisset.
1395 3965 1606 4033 Natus
1659 3968 1856 4039 homo
1927 3981 2024 4036 est
2053 3947 2058 3954 ’
2084 3969 2163 4035 ad

273 4084 727 4168 inquirendum
754 4132 779 4169 ,
843 4084 1395 4171 cognoscendum,
1441 4084 1764 4154 veritatem
1824 4105 2167 4170 assequen-

1090 4219 1097 4226 “
1982 4203 2162 4282 dam,
