2900 4817
1232 437 1277 462 ,
1388 444 1735 508 *24-

641 605 811 680 citur,
861 620 1064 680 autem
1122 622 1243 673 una
1300 615 1441 671 cum
1501 606 1847 672 Theodoro
1889 617 2292 688 praeceptore
2313 651 2336 685 ,
2381 602 2498 688 qui

638 741 803 788 unus
844 722 1057 806 potuit
1114 722 1357 805 optime
1404 723 1484 788 de
1535 724 1673 808 ejus
1735 721 1985 806 ingenio
2021 722 2318 806 judicare.
2406 722 2498 788 Et

637 857 791 905 vero
847 853 1320 921 argumentum,
1386 839 1466 905 de
1534 858 1667 920 quo
1716 838 1963 924 agitur,
2024 841 2287 906 scientia
2342 853 2442 905 est
2465 884 2490 919 ,

638 974 769 1038 quo
811 970 887 1020 ut
928 955 1167 1020 nullum
1217 954 1277 1020 in
1320 956 1726 1041 philosophia
1782 956 2032 1041 gravius
2076 970 2173 1022 est
2223 957 2329 1022 vel
2373 975 2498 1021 ma-

629 1075 781 1158 jus,
825 1070 910 1138 ita
958 1072 1200 1137 nullum
1246 1072 1692 1155 philosopham
1750 1072 2019 1138 indolem
2078 1091 2223 1137 cum
2279 1072 2499 1137 adver·

635 1189 721 1253 tit
782 1188 980 1274 magis
1002 1235 1027 1270 ,
1084 1203 1217 1254 tum
1282 1187 1510 1255 excitat
1581 1188 2040 1255 vehementius.
2130 1187 2255 1253 Sed
2298 1187 2496 1272 ipsam

635 1308 763 1392 jam
814 1305 1204 1373 attendamus
1269 1303 1682 1372 Theaetetum
1706 1352 1732 1387 ‚
1811 1324 2007 1388 quum
2043 1305 2115 1371 is
2179 1322 2322 1370 cum
2380 1304 2502 1370 So-

637 1441 808 1490 crate
854 1423 1227 1506 colloquens
1279 1424 1355 1488 ad
1410 1423 1534 1488 hoc
1591 1435 2024 1507 argumentum
2074 1421 2338 1488 accedit.
2424 1421 2501 1487 In

635 1539 782 1625 ipso
837 1540 1061 1606 horum
1119 1539 1447 1624 colloquio
1530 1554 1663 1605 tota
1720 1538 1907 1605 nobis
1968 1538 2293 1623 apparebit
2351 1539 2504 1604 ado·
2551 1537 2564 1548 ”

639 1658 972 1726 lescentuli
1013 1658 1281 1725 indoles.

722 1775 1011 1841 Vixdum
1060 1774 1210 1841 haec
1268 1774 1347 1841 de
1409 1773 1761 1842 Theaeteto
1815 1774 2055 1842 Socrati
2099 1774 2504 1841 nunciaverat

645 1892 1029 1959 Theodorus
1052 1936 1077 1970 ,
1145 1910 1341 1972 quum
1370 1938 1392 1970 ‚
1454 1890 1629 1956 ecce!
1701 1890 1840 1972 ipse
1905 1887 2075 1956 forte
2141 1889 2505 1955 adolescens

635 2029 781 2075 cum
820 2009 954 2075 aliis
998 2007 1258 2078 accedit.
1347 2009 1511 2073 Nam
1557 2007 1760 2073 stadio
1824 2006 2141 2086 exierant,
2185 2018 2261 2070 ut
2307 2023 2507 2090 unge-

635 2138 853 2192 rentur
876 2099 1112 2204 ,⁸nunc
1174 2124 1346 2189 uncti
1383 2125 1608 2212 adsunt
1659 2124 1980 2207 paratique
2023 2123 2103 2187 ad
2137 2135 2498 2205 certamen3

637 2241 747 2307 ille
784 2256 988 2307 autem
1036 2239 1308 2306 medium
1363 2240 1528 2305 inter
1583 2240 1727 2306 illos
1783 2242 1994 2305 locum
2065 2252 2264 2305 tenet.
2354 2237 2507 2324 Quo

637 2372 1031 2441 conspecto,
1090 2358 1305 2439 atqui,
1360 2357 1570 2440 inquit
1622 2356 1958 2436 Socrates,
2002 2356 2276 2441 cognovi
2327 2357 2513 2441 juve·-

640 2492 826 2554 ncm,
892 2475 1177 2555 quamvis
1237 2492 1468 2541 nomen
1537 2473 1809 2539 excidit:
1892 2470 2336 2557 Euphorionis
2406 2486 2508 2539 est

637 2589 850 2670 filius,
897 2590 1017 2654 viri
1059 2608 1241 2671 sane,
1290 2609 1332 2654 o
1378 2590 1617 2670 amice,
1664 2590 1804 2656 talis
1851 2592 2076 2673 plane,
2134 2592 2375 2673 qualem
2431 2605 2507 2655 tu

636 2706 807 2771 hunc
848 2705 1258 2789 descripsisti.
1346 2706 1472 2771 Sed
1512 2725 1670 2792 age,
1715 2708 1884 2772 hunc
1944 2707 2100 2793 jube
2157 2706 2345 2773 nobis
2401 2708 2505 2773 hic

634 2822 925 2895 assidere.
1009 2824 1202 2910 Quod
1244 2838 1317 2890 ut
1356 2823 1590 2891 fecerat
1638 2824 2019 2891 Theodorus
2062 2825 2318 2891 nomine
2355 2843 2512 2909 pro-

633 2939 930 3005 nunciato
990 2941 1208 3023 pueri,
1275 2943 1399 3008 huc
1474 2941 1774 3022 omnin0,
1845 2941 2229 3023 Theaetete,
2293 2941 2507 3027 adiicit

635 3055 925 3120 Socrates
948 3102 972 3135 ,
1017 3057 1140 3121 huc
1180 3056 1258 3121 ad
1297 3074 1419 3121 nos
1462 3057 1725 3138 accede,
1772 3071 1846 3123 ut
1898 3076 2022 3143 ego
2060 3058 2501 3142 memetipsum

636 3171 1046 3252 conspiciam.
1134 3172 1298 3238 Nam
1346 3172 1503 3237 dixit
1542 3172 1972 3256 TheodoruS,
2015 3176 2203 3240 vultu
2246 3193 2347 3243 me
2387 3173 2511 3240 tibi

634 3286 1019 3352 simillimum
1075 3306 1238 3353 esse.
1343 3290 1771 3358 Veruntamen
1841 3306 1914 3357 ut
1995 3307 2294 3376 constet,
2360 3312 2515 3361 vere

638 3404 762 3472 hoc
798 3404 1032 3471 dixisse
1062 3405 1521 3488 Theodorum,
1566 3399 1792 3478 nonne'
1837 3411 2256 3492 quaerendum
2307 3410 2511 3486 ,nobis

635 3534 777 3603 est,
822 3540 973 3588 num
1014 3522 1309 3608 pingendi
1350 3523 1405 3587 is
1447 3515 1640 3591 artem
1690 3538 1942 3608 teneat,
1986 3546 2103 3593 nec
2144 3528 2284 3595 ne?
2343 3528 2512 3598 Nam

633 3637 895 3721 pictoris
949 3654 1081 3719 est,
1149 3642 1227 3707 de
1287 3640 1511 3710 formis
1568 3639 2045 3726 formarumque
2100 3643 2513 3714 similitudine

524 3783 529 3800 ·
629 3754 951 3839 judicare,
1032 3771 1104 3820 ut
1170 3758 1454 3838 musici,
1525 3759 1604 3824 de
1679 3758 2093 3827 similitudine
2173 3780 2508 3830 sonorum.

631 3871 923 3940 Pictorne
981 3874 1175 3957 igitur
1230 3890 1330 3941 est
1386 3875 1823 3944 Theodorus?
1888 3915 1975 3930 -
2022 3878 2177 3944 Non
2223 3894 2369 3960 est,
2414 3898 2514 3946 re-

633 3989 905 4078 spondet
965 3990 1348 4060 Thoeetetus
1371 4038 1396 4072 ,
1467 3993 1642 4076 quod
1687 3991 1900 4057 sclam.
1955 4025 2042 4039 —
2083 3994 2322 4062 Nonne
2360 4012 2516 4079 geo—

2386 4128 2517 4183 me-
