2900 4817
1026 503 1426 569 *⁵181—

279 678 1082 776 iejnnnsitcthorridu
1128 681 1377 783 dicendi
1423 680 1982 766 arsantem‚nisi
2029 680 2159 751 dia·

284 799 567 873 lecticam
623 798 849 870 ducem
924 799 1194 882 habeat,
1279 797 1491 868 futilis
1562 799 1649 867 sit
1665 847 1691 885 ‚
1756 796 1941 867 firmo
1990 791 2165 869 certe

287 918 482 1006 gradu
511 908 644 987 non
679 918 890 1004 possit
939 918 1311 1003 procedere.
1395 910 1779 1005 Exemplum
1836 914 2026 986 nobis
2064 934 2162 985 m-

285 1050 502 1105 certae
548 1036 656 1121 inii
664 1035 984 1103 uscernodi
1029 1038 1233 1120 'atque
1283 1034 1588 1103 erraticae
1649 1034 1995 1103 rhetoricae
2016 1056 2051 1118 ·‚
2090 1016 2160 1103 in

285 1152 570 1221 Phaedro
590 1198 617 1234 ‚
680 1166 788 1220 ut·
815 1151 1007 1217 modo
1064 1144 1430 1219 monuimus
1459 1197 1485 1233 ‚
1549 1146 1728 1219 Plato
1769 1148 1980 1219 deditt
2010 1150 2167 1236 cLys

291 1271 420 1341 siae
467 1266 612 1338 dieo
667 1271 1019 1337 orationem
1077 1268 1242 1334 illam
1266 1304 1322 1349 ‚-
1354 1282 1517 1350 quac
1576 1268 1753 1336 nulla
1784 1269 2000 1337 habita
2056 1268 2165 1336 dea

292 1386 548 1459 arsendi
572 1434 596 1469 ,
675 1385 1035 1471 partiendi,
1073 1364 1082 1369 ’
1117 1382 1534 1452 distribuendi
1554 1432 1581 1468 ‚
1614 1410 1627 1417 ·
1657 1386 1835 1453 uuna
1898 1378 2164 1453 ‘omnino

290 1505 651 1572 dialecticae
665 1536 678 1545 -
693 1492 943 1570 'ratione
962 1548 988 1583 ‚
1035 1482 1268 1569 temere
1320 1503 1645 1585 nulloque·
1673 1498 1895 1569 ordine
1943 1492 2169 1587 process

293 1622 497 1689 deret.
586 1619 713 1687 Sed
768 1633 942 1686 erant
993 1619 1133 1703 eius
1157 1626 1406 1685 ‘aetate‘
1442 1616 1597 1701 alii,
1663 1619 1950 1687 rhetores
2019 1626 2173 1705 pross

292 1739 436 1826 prie
487 1736 735 1804 dicendi
757 1789 782 1821 ,
830 1735 941 1821 qui
981 1749 1146 1802 artes
1196 1734 1442 1802 dicendi
1503 1734 1820 1802 traderent
1836 1781 1863 1819 ‚
1907 1754 2025 1803 nec
2076 1750 2170 1803 taz

298 1873 445 1925 men
497 1854 730 1939 magis,
775 1854 960 1938 quani
999 1830 1236 1938 Lysias
1293 1852 1661 1936 similesque
1700 1865 1984 1920 oratores
2041 1856 2178 1920 elo-

298 1972 595 2060 quentiae
667 1971 1033 2039 adhiberent
1084 1969 1495 2040 dialecticam.
1582 1970 1883 2039 Festivus
1942 1970 2022 2042 de
2093 1970 2176 2038 iis

301 2089 578 2160 Socratis
640 2102 739 2157 est
799 2106 942 2154 cum
1012 2087 1296 2154 Phaedro
1350 2106 1560 2156 sermo
1586 2133 1612 2171 ,
1674 2105 1884 2171 eoque
1937 2108 2177 2174 oppor-

299 2207 521 2275 tunius
567 2205 762 2273 nobis
818 2218 998 2270 totus
1075 2204 1323 2287 legetur
1346 2250 1372 2285 ,
1438 2222 1572 2286 quo
1627 2200 1966 2271 dilucidius
2031 2206 2180 2274 inde

303 2321 493 2390 nobis
551 2319 876 2406 apparebit
936 2319 1290 2388 Platonicae
1349 2320 1700 2388 rhetoricae
1771 2308 2171 2407 praestantiass

304 2436 473 2508 Nam
515 2453 893 2524 postquam,
958 2435 1283 2504 dialectica
1348 2436 1637 2520 laudata,
1693 2441 1892 2524 λόγων
1956 2443 2182 2528 τέχνην

303 2569 750 2627 memoraverat
826 2555 1119 2623 Socrates
1141 2602 1166 2636 ‚
1236 2556 1530 2624 haeccine
1550 2604 1576 2639 ‚
1619 2571 1800 2647 rogat
1819 2605 1845 2640 ‚
1887 2558 1993 2627 illa
2052 2573 2178 2642 est,

305 2674 438 2760 qua
487 2670 1002 2754 Thrasymachus
1056 2669 1293 2752 aliique
1327 2672 1474 2754 usi,
1517 2688 1582 2739 et
1622 2673 1748 2756 ipsi
1788 2675 2008 2742 diserti
2052 2674 2184 2741 fac-

303 2787 361 2855 ti
414 2800 567 2853 sunt
605 2798 669 2852 et
724 2772 882 2849 alios
931 2781 1174 2848 faciunt
1222 2783 1590 2868 quicunque
1618 2786 1773 2871 ipsis
1799 2834 1825 2869 ‚
1879 2802 1957 2856 ut
2019 2783 2183 2875 reg'i.¹

308 2904 473 2986 bus,
516 2918 773 2969 munera
819 2898 1098 2967 tribuere
1149 2900 1378 2967 volunt
1400 2900 1434 2969 ἲ
1479 2902 1611 2972 Cui
1671 2904 1991 2973 Phaedrus
2013 2954 2038 2989 ‚
2081 2927 2183 2975 rc-

313 3010 418 3108 gii'
472 3018 724 3103 quidem
774 3015 864 3082 illi
921 3017 1087 3098 viri,
1154 3016 1407 3101 reponit
1432 3066 1457 3101 ,
1516 3038 1649 3087 non
1705 3034 1912 3090 tamen
1965 3004 2186 3092 eorum

311 3138 544 3224 periti,
589 3156 750 3221 quae
811 3133 1123 3219 requirisz
1185 3136 1345 3202 hanc
1413 3152 1621 3206 autem
1683 3141 1958 3224 speciem
2012 3156 2187 3211 recto

311 3252 473 3321 mihi
523 3254 777 3320 nomine
830 3253 1141 3336 appellare
1201 3252 1435 3320 videris
1451 3302 1476 3336 ,
1520 3253 1917 3325 dialecucam
1974 3249 2190 3344 appe.-

311 3372 494 3439 lans:
557 3368 869 3436 rhetorica
927 3387 1079 3435 vero
1138 3387 1261 3435 nos
1339 3369 1506 3454 fugit
1556 3372 1788 3441 adhuc.
1856 3408 1953 3430 —
2013 3376 2188 3463 Quid

313 3489 410 3557 ais
432 3488 467 3557 ‘3
509 3487 893 3555 Praeclarum
964 3503 1113 3552 sane
1168 3485 1293 3568 sit,
1343 3487 1517 3570 quod
1558 3489 1635 3555 ab
1697 3504 1832 3558 arte
1870 3491 2190 3561 dialectica

320 3609 677 3701 sejunctum
701 3650 726 3685 ,
808 3619 1013 3669 tamen
1081 3616 1217 3670 arte
1286 3605 1549 3689 quadam
1629 3605 1866 3683 addisci
1951 3624 2187 3693 queat;

323 3738 729 3823 veruntamen
810 3739 943 3790 non
1033 3722 1454 3805 spernendum
1525 3722 1647 3815 hoc
1728 3723 1847 3793 tibi
1912 3726 2199 3812 mihique

319 3855 467 3929 ‘esta
503 3840 858 3939 dicendum.
906 3838 1140 3925 igitur,
1198 3839 1372 3922 quid.
1418 3840 1665 3921 reliqua
1692 3841 1805 3915 sit
1856 3844 2205 3917 rhetoricae

325 3976 480 4043 para
528 3971 769 4041 praeter
830 3957 1234 4025 dialecticam.
1295 3992 1392 4011 -—
1417 4000 1424 4007 -
1449 3958 1765 4026 Permulta
1791 4007 1816 4042 ‚
1875 3976 1918 4024 o
1981 3960 2205 4028 Socra·

332 4088 473 4158 teo,
516 4073 584 4145 in
649 4070 830 4144 ‘noris
883 4076 965 4144 de
1020 4090 1150 4143 arte
1204 4062 1451 4145 tacendi
1516 4076 1771 4162 scriptis
1826 4054 2044 4143 &adita
2097 4096 2206 4145 ex-

1899 4206 2090 4260 stant.
2112 4227 2210 4249 —-
