2900 4817
1519 491 1817 550 ...4-

730 652 829 720 in'
863 649 964 718 his
998 650 1273 732 'singulis
1331 650 1691 717 attendebat
1741 651 2047 732 maxime3
2114 649 2228 714 sed
2277 650 2398 715 hoc
2453 647 2603 715 item

731 768 1223 838 animadvertere
1278 769 1345 833 in
1386 769 1525 852 ejus
1583 767 1993 851 philosophia
2051 765 2280 848 licuit,
2325 766 2617 848 quoties-

714 901 990 968 1cnnque
1044 884 1146 951 de·
1177 883 1435 951 veritate
1456 928 1482 965 ‚
1543 884 1625 950 de
1675 884 1754 950 iis
1814 902 1978 966 quae
2041 898 2192 950 sunt
2214 929 2240 962 ‚
2303 887 2436 967 περὶ
2495 894 2613 955 τῶν

724 1005 910 1074 ὄντων
951 1015 1158 1087 ageret
1176 1045 1207 1084 ‚
1262 1000 1460 1068 toties
1505 1018 1650 1068 eum
1706 1000 1973 1067 maxime
2021 1001 2172 1067 haec
2225 1000 2406 1083 ipsa,
2469 1001 2615 1088 pub-

722 1139 911 1188 ·crum
936 1167 959 1202 ,
1021 1119 1242 1187 bonum
1260 1165 1286 1202 ‚
1334 1120 1588 1205 justum
1612 1163 1639 1200 ,
1701 1133 2106 1205 sanctumque
2185 1133 2561 1184 memorasse
2585 1135 2610 1182 ε

720 1238 909 1308 vnde
948 1237 1250 1306 efficimus
1274 1282 1302 1318 ,
1367 1236 1503 1303 veri
1554 1233 1874 1302 scientiam
1917 1234 2090 1318 apud
2142 1252 2285 1300 eum
2345 1235 2423 1301 ad
2477 1246 2616 1299 stu-

736 1355 842 1424 dia
909 1365 1129 1430 nostra
1184 1354 1463 1420 moralia
1531 1351 1912 1435 exploranda
2003 1346 2222 1418 referri
2298 1350 2611 1435 inprimis.

719 1472 967 1560 :Quid‘i
1055 1472 1231 1554 quod
1300 1469 1542 1537 homini
1610 1467 1966 1554 praecepit,
2053 1483 2124 1534 ut
2195 1468 2275 1534 ad
2342 1467 2614 1536 divinam

728 1590 1154 1657 contenderet
1215 1588 1669 1673 perfectionem
1698 1633 1721 1667 ‚
1787 1600 1893 1667 et,
1955 1586 2278 1670 quomodo
2328 1605 2409 1654 eo
2462 1605 2618 1653 con·

725 1706 1123 1775 vadendum
1169 1719 1376 1787 esset,
1419 1705 1818 1787 explorandis
1862 1704 2093 1772 studiis
2148 1705 2386 1772 nostris
2433 1720 2618 1772 natu-

740 1823 977 1898 ralibus
1000 1867 1027 1903 ‚
1092 1821 1475 1905 significavit
1498 1821 1533 1888 2
1597 1820 1889 1889 Diximus
1936 1822 2001 1890 in
2047 1821 2190 1907 ipso
2229 1823 2421 1910 hujus
2464 1840 2621 1908 ope·

732 1941 845 2007 -r‘is
863 1938 1123 2006 exordio
1147 1986 1170 2020 ‚
1208 1939 1680 2023 philosophiam
1713 1941 1883 2023 apud
1901 1942 2221 2008 Platonem
2261 1941 2342 2007 ad
2375 1946 2624 2025 sapien·

723 2055 897 2123 -tiam
943 2058 1221 2124 tendere.
1292 2057 1486 2124 Artes
1525 2057 1760 2124 scilicet
1802 2076 1923 2126 nos
1958 2058 2026 2126 in
2055 2061 2131 2128 ea
2163 2059 2243 2125 ad
2279 2061 2567 2143 pulcrum
2590 2107 2618 2143 ,

744 2172 1116 2258 disciplinae
1168 2175 1247 2241 ad
1297 2193 1518 2242 verum
1537 2222 1563 2256 ‚
1649 2175 1919 2262 virtutes
1966 2176 2047 2243 ad
2094 2179 2338 2264 justum
2393 2178 2620 2260 perdu-

742 2307 950 2374 tunt3
1016 2311 1130 2359 nec
1191 2307 1398 2361 tamen
1460 2292 1818 2394 continetur
1867 2291 1968 2358 his
2032 2292 2483 2377 philosophia:
2545 2308 2620 2359 ut

744 2409 1177 2477 instrumentis
1210 2410 1363 2477 haec
1400 2410 1603 2488 utitur
1643 2409 1771 2477 iliis
1798 2456 1821 2490 ‚
1867 2410 2105 2491 quibus
2155 2409 2437 2480 divinum
2481 2429 2620 2494 per-

744 2527 915 2595 ficiat
957 2526 1358 2612 propositum
1420 2546 1650 2593 suum:
1720 2540 1820 2595 est
1865 2540 2074 2594 autem
2118 2527 2273 2594 illud
2296 2574 2324 2609 ,
2385 2542 2458 2594 ut
2501 2530 2620 2593 ho-

746 2644 1027 2711 minibus
1080 2645 1158 2711 ad
1198 2643 1520 2711 veritatem
1540 2690 1567 2726 ,
1636 2644 1765 2710 imo
1808 2645 1887 2712 ad
1928 2645 2295 2728 sapientiam
2350 2646 2631 2713 divinae-

736 2781 875 2846 que
915 2776 1173 2832 naturae
1216 2760 1624 2828 imitationem
1672 2762 1804 2836 dux
1839 2760 1922 2827 sit
1974 2777 2039 2830 et
2093 2764 2412 2849 magistra.

770 2880 775 2886 ’
834 2880 961 2949 sed
1020 2880 1101 2946 de
1163 2878 1540 2946 sublimibus
1600 2878 1701 2946 his
1760 2882 2141 2963 argumentis
2222 2895 2356 2948 tum
2433 2880 2623 2946 nobis

742 3000 1050 3084 agendum
1108 2998 1228 3065 erit
1263 2996 1626 3082 diligentius
1647 3042 1674 3077 ‚
1759 2995 1878 3065 ubi.
1926 2995 2005 3063 ad
2046 2996 2302 3081 justum
2319 3045 2344 3079 ,
2425 2996 2623 3079 inpri-

744 3117 994 3199 misque
1062 3116 1173 3202 ubi
1239 3115 1318 3182 ad
1390 3129 1679 3180 sanctum
1750 3112 2242 3196 pervenerimus.
2376 3113 2568 3181 Nunc
2591 3159 2618 3194 ‚

748 3231 947 3319 q'uum
997 3233 1076 3300 ad
1133 3231 1292 3297 illud
1351 3229 1796 3297 accesserimus
1818 3277 1844 3310 ‚
1909 3231 2081 3314 quod
2127 3231 2193 3298 in
2235 3234 2375 3300 veri
2419 3231 2630 3315 philo·

742 3352 973 3436 sophia
1022 3350 1353 3416 maximum
1418 3361 1520 3414 est
1560 3362 1625 3414 et
1665 3361 2105 3431 postremum,
2151 3361 2222 3416 ut
2258 3348 2397 3432 ejus
2443 3346 2628 3416 finem

742 3465 1193 3566 summumque
1234 3465 1637 3548 propositum
1697 3465 1951 3548 assequi
2006 3467 2329 3546 nitamur,
2369 3467 2628 3533 descen·

749 3585 1020 3652 ciendum
1074 3584 1263 3650 nobis
1300 3583 1606 3650 continuo
1649 3583 1715 3649 in
1755 3581 2030 3650 Platonis
2075 3586 2442 3666 speluncam
2481 3582 2624 3650 erit.

746 3703 885 3771 Hac
937 3704 1116 3770 Plato
1154 3702 1420 3787 imagine
1465 3701 1532 3768 in
1585 3701 1890 3784 mundum
1929 3717 2050 3770 nos
2093 3705 2301 3786 ὁρατὸν
2325 3746 2350 3779 ,
2392 3713 2632 3783 spacta-

742 3822 966 3903 ln‘lem‚
1009 3820 1303 3886 sensibus
1357 3832 1673 3904 patentem
1697 3867 1722 3900 ,
1775 3816 1888 3888 sed
1944 3816 2332 3902 ignorantiae
2389 3813 2630 3901 gravis-

742 3942 1179 4020 simorumque
1230 3941 1515 4004 errorum
1572 3936 1829 4017 sedem,
1863 3933 2180 4006 deducet:
2230 3932 2633 4016 quodiluci·

738 4057 886 4125 nius
942 4053 1135 4122 nobis
1199 4052 1424 4119 dehinc
1483 4065 1738 4137 pateat,
1801 4067 1966 4135 quae
2022 4046 2301 4146 hominis
2343 4046 2430 4117 sit
2485 4049 2631 4120 inde

2562 4183 2632 4232 tn
