2900 4817
1100 463 1191 490 ...-
1237 445 1315 518 17
1353 449 1471 490 ...nt

325 612 649 686 veritatem
705 625 920 700 νοητοῖς
972 618 1320 720 omnibus,
1364 630 1437 684 ut
1484 615 1585 683 sol
1619 611 1816 685 rebus
1869 613 2192 701 adspecta-²

326 734 558 801 bilibus
603 738 812 801 lumen
851 733 1493 818 affundit.1taque‚
1538 746 1611 799 ut
1659 732 1903 817 opinari
1950 734 2196 802 desina-

200 913 217 922 -
323 863 465 919 mus
527 853 861 934 aliquando
916 865 1108 934 atque
1156 853 1234 918 ad
1295 869 1503 918 rerum
1560 850 1877 920 scientiam
1954 853 2187 935 ipsam·

320 987 448 1051 que
494 970 815 1036 veritatem
872 971 1229 1036 accedamus
1254 1015 1280 1050 ‚
1343 971 1468 1035 huc
1526 969 1713 1037 nobis
1757 984 1797 1036 e
1833 981 2027 1054 specu
2068 969 2181 1036 illo

312 1087 767 1153 escendendum
810 1086 1158 1182 necessario
1223 1099 1345 1151 est.
1431 1085 1671 1153 Verum
1723 1103 2023 1170 quaenam
2078 1099 2182 1154 est

313 1197 462 1282 illa,
508 1221 692 1284 quam
760 1201 1290 1288 memoravimus,
1351 1200 1496 1266 boni
1543 1199 1748 1269 Idea?
1803 1200 1977 1287 Quid
2036 1199 2181 1267 uni·

314 1335 498 1386 verse
532 1317 688 1384 ideis
750 1316 1058 1399 spectavit
1116 1313 1295 1381 Plato
1320 1315 1354 1383 2
1416 1315 1671 1401 Quibus
1719 1316 1913 1383 homo
1950 1315 2180 1403 gradi-

308 1434 423 1502 bus
464 1435 542 1502 ad
598 1431 732 1498 illas
795 1430 1122 1498 escendit?
1206 1431 1426 1519 Qualis
1492 1433 1643 1498 haec
1702 1431 1840 1515 ipsa
1900 1432 2176 1501 hominis

311 1565 411 1618 est
464 1551 530 1617 in
598 1557 795 1628 νοητὸν
848 1548 1149 1615 mundum
1193 1549 1270 1615 a'd
1330 1549 1498 1615 ideas
1560 1548 1925 1632 spectandas
1979 1568 2179 1616 escen-

307 1671 455 1736 sio?
523 1666 688 1732 Sunt
732 1667 918 1747 haec,
963 1666 1188 1747 cred0,
1233 1665 1300 1731 in
1336 1666 1746 1749 philosophia
1784 1666 2063 1734 Platonis
2103 1665 2174 1734 in

304 1784 523 1868 paucis
560 1802 704 1851 cum
724 1782 1107 1867 gravissima
1164 1793 1298 1849 tum
1337 1783 1414 1849 ad
1464 1781 1994 1865 interpretandum
2048 1780 2174 1850 dif-

302 1899 604 1970 ficillima.
688 1897 813 1967 Sed
871 1901 1084 1967 eadem
1128 1898 1250 1966 nisi
1293 1913 1505 1966 mente
1540 1899 2007 1985 perceperimus
2050 1917 2169 1986 pe·-
2243 1893 2248 1898 ’

300 2019 472 2085 nitus
490 2066 514 2099 ‚
580 2035 699 2083 nos
746 2031 896 2083 sane
954 2033 1070 2083 nec
1120 2016 1374 2099 assequi
1410 2016 1855 2101 philosophiae
1889 2017 2169 2085 Platoni·

296 2151 405 2203 eae
447 2133 628 2201 finem
657 2179 682 2216 ,
723 2151 843 2199 nec*
886 2151 1038 2201 vero
1090 2131 1367 2200 fructum
1409 2151 1634 2218 capere
1666 2135 1744 2202 ad
1769 2135 1935 2203 vitae
1973 2154 2162 2205 usum

297 2272 335 2319 e
397 2250 758 2318 sublimium
812 2251 1029 2315 harum
1086 2239 1292 2315 rei-um
1347 2250 1879 2334 contemplatione
1928 2251 2168 2336 poteri·

146 2371 157 2464 ᾗ
296 2383 467 2436 mus.
584 2367 910 2449 Percipere
971 2379 1176 2431 autem
1237 2383 1314 2431 eo
1373 2363 1618 2433 facilius
1682 2368 1833 2434 haec
1898 2366 2158 2449 licebit,

295 2505 433 2569 quo
482 2483 726 2570 plenius
786 2502 948 2567 quae
997 2483 1078 2550 de
1137 2482 1602 2567 disciplinarum
1667 2484 1735 2551 vi
1793 2497 1858 2552 et
1917 2504 2164 2569 propo·

290 2604 418 2671 sito
470 2621 657 2686 supra
714 2600 1070 2669 monuimus
1095 2647 1120 2680 ‚
1204 2600 1305 2667 ln.
1340 2600 1698 2668 memoriam
1771 2600 2160 2671 revocaveri-

289 2738 457 2789 mus.
544 2718 876 2785 Ordiamur
923 2732 1130 2785 autem
1180 2737 1217 2784 a
1266 2733 1592 2801 postremo
1643 2716 1922 2786 illorum.

393 2951 577 3054 ‘De
638 2951 1020 3020 hominis
1080 2956 1174 3048 in
1233 2951 1629 3020 mundum
1692 2958 1991 3034 νοητὸν

950 3071 1488 3136 escensione.
1583 3151 1588 3156 .

366 3298 812 3386 Philosophiae
844 3301 1333 3386 verissimaeque
1360 3305 1637 3380 παιδείαις
1668 3297 1964 3384 princeps
2003 3313 2144 3387 est,

279 3419 374 3488 uti
434 3418 706 3485 vidimus
734 3464 759 3497 ‚
849 3415 1119 3482 officium
1147 3463 1172 3497 ,
1265 3430 1337 3482 ut
1394 3433 1734 3500 postquam
1795 3431 1916 3486 nos
1967 3417 2148 3488 falsis

275 3533 839 3624 praejudicatisque
897 3531 1307 3617 opinionibus
1328 3580 1354 3615 ‚
1419 3552 1579 3616 quas
1623 3534 1899 3617 legendis
1936 3538 2143 3619 poetis

273 3652 724 3734 audiendisque
774 3648 1127 3716 oratoribus
1171 3669 1207 3716 a
1240 3653 1471 3716 tenera
1521 3649 1665 3715 inde
1701 3664 1897 3718 aetate
1924 3671 2142 3726 susce·

275 3771 484 3856 pimus
508 3817 533 3851 ,
574 3765 862 3852 “liberati
941 3765 1246 3833 fuerimus
1313 3766 1733 3849 conversique
1794 3784 2005 3836 mente
2053 3770 2139 3836 ab

239 3886 381 3954 -h‘ie
414 3886 650 3953 umbris
705 3886 1177 3952 simulacrorum
1230 3882 1310 3950 ad
1357 3883 1494 3967 ipsa
1545 3883 1871 3953 simulacra
1890 3933 1914 3968 ‚
1972 3905 2138 3969 quae

265 4003 334 4072 in
390 4002 622 4068 mundo
675 4001 1076 4087 adspectabili
1121 3999 1415 4068 sensibus
1477 4000 1949 4088 percipiunturs
1994 4017 2148 4071 tum-

306 4145 311 4150 ·
509 4117 515 4130 '
1156 4117 1209 4185 B
2008 4137 2133 4190 nos
