2900 4817
1049 464 1148 483 .....
1193 438 1308 529 1'39
1353 474 1441 490 ...-

202 647 209 658 ·
307 624 404 701 tis,
438 627 623 693 etiam
676 600 957 710 divinis,
1019 628 1166 710 quis
1202 631 1338 713 ejus
1373 626 1525 710 finis
1580 627 1664 692 sit
1721 626 2022 705 maxime,
2070 602 2178 707 pii-

314 761 449 812 tere
508 746 693 812 nobis
756 746 1218 826 quodammodo
1282 746 1547 829 incipit-z
1618 732 1962 827 videorque
2020 743 2172 808 mihi

318 880 569 929 cernere
588 909 611 943 ,
678 864 938 930 hominis
1001 882 1131 927 eam
1167 864 1445 946 proprie
1527 868 1667 929 esse
1745 862 1836 927 ad
1884 837 2176 929 veritatis

315 982 636 1051 sciente‘am
694 982 1172 1047 institutionem.
1288 981 1451 1047 Nam
1515 981 1593 1047 ad
1650 982 1948 1045 hominem
1991 980 2186 1046 refer-

320 1113 424 1165 tur
475 1112 654 1177 tota,
739 1113 810 1163 ut
882 1098 1033 1165 haec
1102 1098 1306 1162 omnis
1361 1114 1484 1161 nos
1539 1096 1758 1163 docuit
1812 1087 2178 1201 disqtiisitio

322 1230 582 1286 nostrat
654 1216 718 1280 in
776 1214 1159 1297 explorando
1228 1228 1432 1279 autem
1514 1215 1766 1279 homine
1825 1214 1915 1279 nil
1988 1190 2182 1297 mags

322 1347 610 1417 spectat,
657 1352 840 1414 quam
866 1380 889 1414 ,
937 1349 1006 1397 ut
1049 1331 1288 1396 erudiat
1325 1348 1489 1410 ηοε,
1536 1346 1605 1395 ut
1628 1329 1904 1412 perficiat
1931 1379 1955 1411 ,
2000 1312 2187 1414 in²ip'-

323 1470 465 1515 sum
503 1469 624 1515 nos
668 1450 856 1514 ducat
879 1447 1158 1514 veritatis
1204 1465 1491 1530 regnum.
1537 1447 2010 1533 Quaerendum
1996 1464 2186 1530 igitur
2274 1450 2279 1457 '

323 1572 490 1633 nune
541 1566 726 1631 nobis
778 1585 968 1647 porro
1011 1562 1092 1629 de
1147 1565 1259 1628 hac
1300 1564 1441 1646 ipsa
1483 1562 1809 1643 veritatis,
1831 1572 1936 1631 τοῦ
1986 1564 2184 1640 ὄντος,

326 1688 512 1761 αὐτοῦ
556 1689 662 1752 τοῦ
702 1684 908 1761 ὄντος,
949 1683 1325 1747 selentia
1351 1726 1376 1760 ‚
1401 1680 1557 1761 quid
1578 1680 1822 1747 tandem
1864 1683 1990 1761 sit,
2014 1656 2189 1747 vide·

325 1815 481 1881 tur,
503 1815 571 1866 ut
606 1801 683 1866 de
713 1799 838 1864 fine
855 1798 1208 1865 Platonicae
1245 1797 1692 1882 philosophiae
1709 1810 1967 1862 constet
2002 1798 2185 1863 nobis

315 1919 681 2000 aliquando,
810 1916 1059 2004 Quodsi
1138 1918 1321 1982 talem
1396 1916 1563 1980 hune
1645 1912 2163 1996 compererimus
2165 1961 2189 1996 ,

331 2037 576 2117 qualem
636 2053 805 2101 nunc
860 2053 1004 2100 esse
1055 2016 1482 2117 auguramur,
1547 2031 1899 2098 videbimus
1946 2031 2195 2113 profec-

333 2169 448 2232 t0‚
531 2152 653 2216 hoe
723 2150 1056 2234 proposito
1125 2152 1441 2233 praeclaro
1510 2149 1973 2232 philosophiam
2030 2151 2191 2215 illam

330 2287 472 2335 cum
520 2266 822 2351 distingui
878 2265 1144 2332 maxime
1183 2267 1259 2331 ab
1307 2267 1559 2330 illorum
1604 2264 1936 2330 doctrinis‘
1963 2248 2197 2345 quibus

331 2402 688 2451 caussarum
748 2380 1006 2449 scientia
1061 2382 1283 2447 unicus
1345 2354 1489 2448 fiius
1552 2366 1696 2465 est3
1740 2369 2200 2463 tum'proikim'e

233 2512 236 2513 *
334 2501 412 2568 ad
458 2501 667 2569 divina
708 2512 1037 2584 praecepta
1074 2500 1394 2566 accedere.

305 2638 326 2647 “
418 2618 544 2684 Sed
603 2618 728 2682 hue
808 2616 1358 2701 progredientibus
1423 2616 1713 2697 tandem,
1800 2616 1865 2681 in
1930 2632 2197 2715 mentem

261 2824 264 2827 Ἴ
334 2733 525 2802 nobis
579 2732 1002 2814 sophistarum
1056 2732 1320 2796 istorum
1360 2747 1423 2796 et
1464 2747 1785 2797 oratorum
1822 2735 2040 2812 venit,
2087 2734 2197 2813 qui

332 2852 401 2917 in
462 2850 606 2934 ipso
646 2848 890 2919 itineris
925 2849 1130 2913 nostri
1183 2848 1472 2931 ingressu
1515 2850 1609 2912 (¹)
1661 2848 1862 2915 inania
1904 2869 2023 2915 nos
2060 2846 2202 2933 age-

339 2976 453 3040 re,
495 2956 552 3023 si
590 2956 908 3025 veritatem
945 2970 1009 3021 et
1073 2955 1391 3020 scientiam
1458 2974 1892 3037 quaereremus
1916 3005 1940 3037 ‚
1982 2961 2203 3022 clama·

338 3076 538 3157 bant,
580 3074 903 3142 veritatem
960 3091 1099 3138 esse
1153 3068 1394 3138 nullam'
1451 3075 1901 3139 contendentes
1929 3120 1953 3152 ,
2018 3088 2202 3140 unam

339 3194 407 3260 in
454 3190 643 3257 rebus
685 3168 992 3259 humanis
1027 3182 1364 3278 opinionem
1418 3189 1747 3256 dominari.
1838 3192 1909 3255 ln
1967 3176 2198 3271 quibus

323 3323 518 3376 erant
563 3308 688 3390 qui‘
734 3308 816 3374 de
852 3308 965 3373 hae
1016 3306 1155 3390 ipsa
1194 3326 1308 3387 re,
1354 3307 1432 3372 de
1486 3312 1810 3393 opinione,
1854 3308 2004 3372 satis
2056 3306 2203 3371 aeti·

341 3408 711 3508 te,'par'tim
765 3423 948 3489 etiam
988 3440 1183 3504 vere,
1223 3421 1549 3490 dicerentt
1607 3422 1673 3489 in
1731 3422 1946 3506 primis
1992 3425 2208 3489 Prota·

340 3558 525 3629 goras
549 3586 576 3625 ‚
621 3542 734 3625 qui
766 3540 926 3606 illud
959 3540 1248 3624 crepabat
1269 3587 1294 3622 ,
1340 3544 1609 3607 omnium
1648 3561 1861 3608 rerum
1905 3541 2204 3607 hominem

340 3682 465 3728 esse
506 3678 889 3726 mensuram.
975 3656 1121 3723 Nos
1176 3671 1312 3723 tum
1353 3656 1603 3740 quidem
1651 3656 1796 3725 illos
1836 3675 1965 3725 non
2002 3678 2206 3725 mora-

343 3776 397 3842 ti
442 3794 687 3843 sumus.
774 3764 1133 3859 Flagrantes
1183 3774 1310 3856 ipsi
1352 3773 1488 3840 veri
1538 3775 1747 3842 amore
1772 3822 1795 3858 ‚
1860 3776 1980 3841 hoe
2032 3793 2202 3840 sum-

1674 3890 1679 3895 ’
2036 3908 2202 3983 mum
2284 3878 2289 3885 ⁴

419 4027 507 4105 (Β)
544 4026 677 4086 vol.
717 4028 798 4085 11.
834 4028 898 4085 P.
932 4027 1013 4088 11.
1045 4045 1105 4100 p.
1147 4026 1230 4099 76.
1268 4024 1426 4102 αἱ]
1464 4027 1582 4082 161.
