2900 4817
1438 470 1796 582 43⁶..-

681 678 987 749 -lcscen‘tis
1045 676 1209 744 dicta
1266 679 1367 745 'sic
1430 678 1722 747 Socrates
1743 726 1769 761 ‚
1856 679 2000 746 hos·
2040 698 2163 768 ego
2221 682 2512 755 homines
2533 732 2562 768 ‚

684 798 903 880 inquit
923 845 957 880 ,
990 800 1383 879 nequaquam
1443 797 1696 881 appello
1744 794 2210 883 philosophos»,
2266 802 2381 869 sed
2419 803 2567 887 phi-

691 915 1112 999 losophorum
1168 913 1428 981 similes·
1476 924 1565 967 -2
1603 913 1811 980 Veros
1877 927 1950 978 tu
2014 927 2222 982 autem
2254 936 2565 999 quosnam

682 1031 913 1098 dicis?
944 1054 1048 1084 ··-
1086 1036 1311 1110 Τοὺς
1370 1039 1519 1109 τῆς
1578 1034 1991 1109 &andelam
2048 1020 2566 1119 φιλόθεάμο·

684 1162 887 1225 auct
964 1148 1181 1214 illos
1234 1167 1481 1227 voco,
1544 1150 1695 1232 qut·
1759 1134 2175 1235 spectare
2226 1153 2564 1218 verita-

678 1280 855 1333 tem
913 1279 1215 1332 amant
1250 1259 1346 1349 (ᾖ).
1431 1264 1747 1331 Praeclara
1801 1264 2153 1348 sententia,
2193 1267 2380 1353 cujus
2435 1267 2562 1334 hoc

693 1383 763 1450 in
816 1384 1165 1465 sermone,'
1213 1382 1337 1448 hoc
1396 1382 1544 1448 loco
1565 1427 1590 1462 ,
1653 1379 1809 1448 mira
1874 1395 1976 1448 est
2028 1379 2131 1449 vis
2181 1395 2247 1448 et
2289 1382 2565 1449 auctori-

677 1515 855 1569 -tas
896 1501 1045 1587 Qua
1108 1514 1313 1567 tamen
1379 1516 1514 1565 non
1573 1497 1727 1566 satis
1775 1511 2116 1566 contentus
2179 1499 2559 1568 Adimantus

678 1637 822 1686 -rem
869 1617 1049 1704 cupit
1104 1615 1312 1684 fusius
1374 1615 1697 1701 explicari.
1783 1614 1989 1707 Recte
2040 1616 2293 1700 quidem
2342 1617 2561 1700 istud,

688 1732 948 1822 iuquitg.
1014 1736 1129 1802 sed
1188 1752 1320 1819 quo
1358 1734 1431 1800 id
1481 1734 1674 1801 modo
1723 1733 2001 1819 explices
2024 1732 2061 1801 2
2124 1733 2296 1803 Tum
2340 1724 2564 1811 s'ocm-

681 1868 792 1923 ·tes
808 1901 833 1937 ‚
878 1853 1059 1923 haud'
1090 1849 1306 1918 facile.
1337 1851 1583 1934 quidem
1608 1898 1635 1935 ‚
1675 1853 2060 1937 respondet,
2100 1851 2170 1919 id
2208 1853 2314 1921 alii
2361 1836 2566 1941 expii-

684 1989 864 2053 πως,
906 1969 1022 2036 sed
1070 1982 1149 2034 te·
1187 1966 1340 2036 mihi
1387 1982 1552 2053 puto
1585 1970 1711 2038 hoc
1753 1970 2063 2039 continuo
2111 1972 2428 2041 daturum.
2470 2013 2560 2030 -

682 2086 875 2176 Quid‘
906 2085 1134 2167 istud?
1207 2120 1302 2151 -.-
1380 2085 1550 2154 Cum
1604 2085 1778 2172 turpi
1831 2088 2215 2155 contrarium
2278 2088 2367 2156 sit
2411 2093 2558 2175 pul-

685 2226 863 2274 crum
879 2253 904 2290 ,
947 2203 1076 2272 duo
1126 2202 1232 2270 illa
1288 2200 1456 2272 esse.
1522 2238 1618 2257 —
1673 2204 1963 2293 Quidni?
2003 2241 2100 2260 -
2135 2204 2387 2294 Quodsi
2424 2208 2555 2276 duo

682 2336 872 2403 sunt,
917 2338 1113 2387 unum
1149 2337 1291 2387 esse
1318 2332 1686 2402 utrumque.
1729 2355 1823 2373 —
1859 2320 1951 2387 Et
1987 2320 2112 2388 hoc
2149 2321 2268 2388 tibi
2309 2324 2418 2390 do.
2455 2336 2558 2380 ‘—

682 2438 855 2507 Esse
909 2441 1118 2504 au'tem
1181 2436 1437 2504 ffi‘ndem
1475 2436 1632 2523 justi
1669 2450 1736 2504 et
1777 2436 2041 2523 injusti,
2082 2439 2242 2506 boni
2270 2454 2336 2508 et
2371 2442 2554 2524 mali,

684 2553 965 2623 omnium
1017 2554 1293 2621 idearum
1344 2552 1644 2622 rationem
1671 2601 1697 2636 ‚
1741 2554 1952 2639 ipsum
1997 2556 2248 2638 quidem
2304 2559 2559 2641 quodli-

681 2671 792 2740 bet
850 2690 1051 2739 unum
1109 2690 1252 2739 esse
1271 2718 1297 2754 ,
1383 2670 1830 2739 communione
1882 2688 2036 2739 vero
2095 2691 2244 2740 cum
2291 2672 2560 2740 actioni-

681 2791 806 2858 bus
827 2842 848 2870 ,
891 2809 1038 2858 cum
1082 2790 1272 2858 rebus
1317 2790 1647 2874 corporeis
1692 2803 1759 2856 et
1790 2808 2003 2857 secum
2041 2787 2348 2873 invicem,
2397 2810 2558 2874 quae

673 2908 898 2975 ubivis
938 2922 1253 2997 ‘apparent
1296 2906 1482 2976 ‘varia
1540 2907 1797 2992 specie,
1839 2926 1972 2974 non
2016 2926 2220 2993 unum,
2258 2909 2503 2994 singula
2527 2957 2554 2991 ‚

680 3026 794 3095 sed
846 3028 1042 3111 plura*
1094 3024 1322 3094 videri.
1378 3060 1476 3079 —-
1532 3025 1738 3093 Recte
1790 3024 1976 3121 dicis,
2039 3065 2130 3079 —
2190 3026 2325 3092 Hac
2373 3024 2556 3107 equi·

673 3144 828 3211 dem
889 3143 1132 3210 ratione
1195 3142 1521 3227 distinguo
1589 3142 1733 3207 illos
1775 3159 2108 3209 secernens
2133 3188 2161 3225 ,
2198 3160 2362 3225 quos
2415 3161 2556 3209 mo·

672 3259 767 3325 do
833 3258 1192 3326 memorasti
1217 3304 1243 3340 ,
1278 3258 1789 3342 spectaculorum
1846 3258 2203 3342 artiumque
2248 3272 2556 3329 amatores

668 3392 872 3461 atque
928 3377 994 3444 in
1050 3376 1237 3443 rebus
1294 3375 1550 3460 agendis
1617 3390 1938 3443 versantes
1963 3422 1989 3457 ‚
2054 3389 2192 3442 tum
2242 3377 2365 3442 hos
2392 3418 2432 3459 ,-
2477 3378 2558 3444 de

678 3493 914 3583 quibus
961 3512 1131 3560 nunc
1192 3510 1401 3560 sermo
1444 3508 1542 3563 est
1563 3540 1588 3573 ‚
1635 3512 1801 3576 quos
1861 3496 2040 3561 solos
2094 3493 2237 3576 quis
2279 3493 2400 3560 rite
2438 3513 2553 3561 vo-

664 3609 913 3676 caverit
944 3615 1339 3696 φιλοσόφους.
1365 3646 1459 3662 --
1498 3610 1642 3697 Qua
1676 3611 1831 3676 illud
1863 3610 2108 3677 ratione
2149 3609 2421 3678 definis?
2462 3647 2552 3665 --

664 3726 812 3814 Qui
845 3732 1120 3812 Φιλῆκοοι
1159 3742 1310 3793 sunt
1345 3742 1409 3794 et
1441 3731 1871 3813 φιλοθεάμονες
1896 3774 1920 3808 ‚
1966 3727 2081 3811 qui
2118 3727 2327 3795 omnia
2373 3747 2559 3817 spec·
2594 3706 2607 3721 ⁰

660 3857 815 3911 -tare
868 3858 932 3910 et
980 3842 1194 3909 audire
1260 3820 1566 3928 cupiunt,
1610 3844 1851 3929 pulcris
1899 3845 1970 3910 hi
2028 3858 2095 3912 et
2155 3845 2422 3915 vocibus
2489 3863 2555 3916 et

1472 4048 1482 4053 ἱ
1963 3960 1972 3969 ’
2443 3980 2556 4031 co·

652 4106 689 4123 ·‘
752 4097 836 4168 (ι)
876 4094 962 4150 De
994 4092 1130 4165 Rep.
1171 4094 1244 4150 V.
1283 4094 1385 4167 475
1418 4092 1492 4149 D.
1535 4095 1602 4150 E.
