2900 4817
1456 395 1803 476 ...4ss-

704 598 931 650 musne
951 627 977 662 ‚
1058 591 1131 646 ut
1202 575 1384 661 pueri
1445 593 1530 643 ne
1585 571 1958 641 verberibus
2029 570 2283 655 quidem
2330 593 2368 643 a
2427 588 2581 668 conf

703 695 1079 783 templandis
1168 694 1357 762 rebus
1446 690 2028 780 perquirendisque·
2094 688 2521 757 deterreantur
2540 686 2577 758 ⁴3

705 831 780 882 ut
826 814 998 899 pulsi
1043 812 1364 895 requirant
1407 823 1476 877 et
1547 808 1789 891 aliquid
1848 807 2014 876 scire
2069 826 2143 875 se
2217 808 2583 893 gaudeant?

705 948 779 1000 ut
841 932 977 999 aliis
1036 947 1279 1001 narrare
1337 926 1612 1014 gestiant
1634 926 1670 993 *ἕ
1728 938 1804 991 ut
1845 923 2350 1009 pompa,1udis
2387 937 2585 1009 atque

706 1048 1020 1136 ejusmodi
1084 1045 1466 1129 spectaculis
1516 1057 1846 1110 teneantur
1867 1089 1893 1125 ‚
1959 1040 2046 1108 ob
2129 1059 2584 1127 eamquerem

705 1167 812 1234 vel
871 1164 1097 1233 famem
1158 1176 1224 1232 et
1282 1163 1449 1230 sitim
1498 1159 1816 1247 perferant
1836 1160 1871 1228 *ἓ
1935 1158 2113 1249 Quid
2168 1178 2322 1228 vero
2343 1161 2381 1228 2
2450 1158 2587 1249 Qui

706 1283 998 1369 ingenuis
1064 1281 1294 1348 studiis
1354 1295 1550 1364 atque
1589 1279 1827 1346 artibus
1890 1277 2329 1360 delectantur,
2369 1296 2592 1348 nonne

707 1402 999 1471 videmus
1019 1442 1046 1482 ,
1086 1418 1200 1467 eos
1242 1416 1361 1465 nec
1400 1395 1783 1465 valetudinis
1826 1414 1943 1464 nec
1982 1395 2074 1463 rei
2110 1394 2436 1464 familiaris
2473 1396 2589 1463 ha-

702 1520 865 1593 bere
900 1518 1204 1585 rationem
1224 1516 1259 1583 *ἓ
1297 1515 1636 1598 omniaque
1659 1514 1948 1600 perpeti,
1975 1514 2119 1599 ipsa
2135 1514 2501 1599 cognitione
2517 1528 2592 1583 et

704 1638 978 1710 scientia
1030 1635 1299 1722 captos?
1344 1648 1411 1702 ct
1449 1653 1595 1702 cum
1629 1631 1913 1700 maximis
1954 1631 2125 1699 curis
2158 1645 2224 1699 et
2262 1631 2592 1700 laboribus

710 1772 1121 1841 compensare
1164 1771 1297 1821 eam
1316 1799 1342 1835 ‚
1372 1769 1564 1835 quam
1599 1768 1681 1817 ex
1716 1749 2016 1816 discendo
2038 1750 2287 1835 capiant
2310 1796 2336 1834 ,
2358 1749 2598 1836 volup·

710 1888 901 1956 tatem
918 1872 1005 1941 ‘3⁵’
1048 1870 1113 1915 <¹³
1155 1870 1553 1958 Quamquam
1577 1867 1936 1938 Academici
1967 1866 2064 1935 illi
2095 1881 2343 1952 veteres
2387 1881 2453 1934 et
2470 1868 2596 1964 Pe-

712 1992 1025 2078 ripatetici
1076 2008 1210 2058 non
1231 2035 1256 2071 ‚
1315 2003 1389 2056 ut
1439 1988 1622 2054 Plato
1643 2034 1669 2070 ‚
1729 1985 1883 2054 haec
1945 1985 2155 2052 omnia
2211 2004 2293 2054 ex
2364 1987 2596 2074 natura

704 2110 946 2180 ‚amotis
997 2107 1410 2194 repetierunt.
1499 2105 1575 2172 Id
1596 2151 1622 2188 ,
1683 2105 1740 2173 si
1798 2104 1955 2187 quid
2028 2101 2199 2171 aliud
2220 2148 2248 2186 ,
2314 2103 2603 2172 Platoni·

700 2245 863 2300 ,cum
924 2238 1021 2292 est
1044 2271 1069 2304 .,
1132 2238 1633 2308 expressumque
1712 2218 1780 2287 in
1829 2219 2188 2287 Phaedone.
2296 2217 2599 2314 Philoso-

706 2331 886 2428 phos
954 2342 1079 2409 illic
1127 2339 1215 2408 ait
1277 2358 1356 2408 eo
1443 2338 1592 2406 duci
1661 2338 2087 2423 cognoscendi
2168 2315 2439 2421 ardore,
2497 2354 2600 2414 ut

719 2473 1009 2525 mortuos
1036 2476 1108 2526 se
1125 2476 1311 2539 esse,
1334 2476 1525 2542 quam
1549 2454 1767 2522 vivere
1801 2454 2043 2523 malint.
2104 2455 2273 2524 Nam
2311 2454 2478 2526 ferre
2518 2457 2601 2525 il-

714 2582 821 2648 los
863 2578 1176 2657 moleste5
1217 2595 1439 2661 verum
1479 2593 1554 2642 se
1573 2621 1598 2655 ‚
1639 2574 1827 2659 cujus
1855 2575 2114 2643 ardente
2151 2576 2415 2662 flagrant
2456 2590 2601 2643 stu—

714 2697 870 2780 dio,
915 2696 983 2762 in
1052 2696 1167 2761 hac
1212 2693 1466 2778 quidem
1527 2692 1661 2760 vita
1701 2693 1956 2776 assequi
2011 2709 2144 2758 non
2197 2711 2434 2778 posse,
2476 2693 2599 2790 im-

720 2814 972 2900 peditos
1043 2811 1285 2896 quippe
1347 2809 1640 2896 corporis
1700 2809 1972 2877 vinculis
1995 2857 2020 2892 ,
2083 2809 2153 2878 in
2204 2830 2390 2894 quo,
2440 2825 2604 2881 tam·

725 2951 913 3017 quam
970 2931 1040 2998 in
1088 2948 1349 3010 'carcere
1372 2976 1396 3009 ,
1441 2928 1727 3014 degunt:
1772 2942 2175 3010 contemnere
2209 2928 2401 3013 igitur
2429 2949 2606 3026 mor-

720 3065 848 3118 tem
869 3095 893 3131 ,
948 3048 1078 3116 imo
1116 3067 1269 3115 vero
1309 3061 1577 3113 mortem
1634 3060 1931 3131 expetere
1950 3092 1975 3128 ,
2040 3064 2174 3130 quo
2231 3046 2547 3115 doctrinas
2569 3093 2602 3130 ,

712 3185 884 3253 „quas
940 3164 1127 3233 unice
1175 3178 1380 3231 amant
1402 3212 1427 3245 ‚
1488 3177 1801 3248 tamquam
1856 3162 2109 3233 delicias
2161 3182 2309 3232 suas
2369 3180 2435 3232 et
2479 3147 2607 3233 vb-

721 3290 997 3371 luptates
1016 3330 1040 3365 ,
1086 3281 1279 3349 libere
1331 3295 1630 3364 totasque
1665 3282 2143 3366 amplectantur.
2232 3281 2411 3349 Haec
2440 3300 2603 3352 vero

722 3404 914 3472 unius
969 3415 1070 3469 est
1118 3400 1344 3468 amoris
1413 3398 1515 3465 vis
1539 3445 1568 3480 ‚
1632 3398 1807 3481 quod
1873 3400 2190 3484 eleganter
2246 3418 2440 3488 supra
2472 3419 2614 3470 me·

718 3520 992 3591 :notavit
1030 3517 1374 3586 Phaedrus.
1468 3516 1793 3601 Orpheum
1835 3518 2238 3604 reprehendit
2287 3519 2462 3603 quod
2506 3520 2608 3589 vi-

726 3658 850 3707 vus
921 3654 1183 3703 uxorem
1249 3653 1328 3701 ex
1397 3654 1549 3701 orco
1615 3637 1912 3703 reducere
1973 3637 2215 3705 studuit
2240 3685 2265 3722 ,
2330 3653 2604 3709 mortem

725 3773 847 3844 pro
913 3771 985 3822 ea
1054 3750 1272 3819 subire
1346 3770 1480 3818 non
1552 3752 1895 3822 sustinuit:
1981 3754 2108 3822 hoc
2190 3755 2359 3828 enim
2417 3758 2613 3828 unice

892 3971 899 3982 .
2381 3897 2614 3983 ⁰¹¹¹?st-

800 3985 884 4062 (1)
924 3986 1013 4041 De
1047 3983 1171 4039 Pin.
1207 3983 1279 4036 V.
1316 3985 1431 4040 18.‘
