2900 4817
1432 370 1830 453 ...184—

680 549 949 640 ptunmr
963 596 990 636 ‚
1020 546 1516 619 commutatione
1555 548 1676 617 (ι).
1761 548 2161 638 Quamquam
2197 550 2385 619 inruit
2421 548 2576 618 for*

676 682 748 738 te
809 688 975 751 eos,
1034 668 1213 751 quod
1268 667 1417 734 item
1459 665 1672 734 divina
1709 664 1976 748 mulier,
2017 666 2088 734 in
2142 664 2551 735 iisdemeum

683 783 947 854 Socrate
1024 783 1464 867 sermonibus,
1524 784 1606 851 de
1661 785 1859 852 altero
1929 782 2044 851 illo
2096 787 2335 852 mundo
2357 785 2556 868 ‚1qui

680 918 818 968 non
885 914 1056 986 patet
1111 900 1406 969 sensibus
1430 947 1457 982 ,
1504 901 1586 968 de
1632 900 1823 969 rebus
1885 914 2167 985 νοηταῖς,
2209 901 2290 970 de
2347 902 2501 969 ideis
2522 948 2549 987 ,

678 1033 843 1101 quae
885 1015 1305 1084 immutabller
1361 1030 1515 1086 sunt
1538 1062 1566 1099 ‚
1631 1017 2100 1102 pronunciavit.
2188 1020 2353 1087 Illud
2400 1037 2560 1089 vero·

688 1150 913 1200 omnes
949 1131 1155 1200 omnis
1215 1133 1357 1202 aevi
1416 1134 1844 1220 philosophos
1898 1155 1972 1204 ac
2013 1136 2335 1223 sophistas
2374 1152 2438 1205 et
2467 1140 2563 1205 la-

684 1250 814 1318 tuit
868 1263 936 1319 et
994 1249 1212 1320 debuit
1243 1252 1437 1319 latere
1458 1297 1485 1332 ,
1546 1266 1872 1338 quotquot
1909 1252 2165 1338 quidem
2225 1254 2293 1324 in
2325 1254 2564 1324 -homi-

683 1383 772 1437 ne
808 1366 968 1464 nibil
989 1414 1016 1452 ,
1057 1367 1184 1436 nisi
1221 1381 1520 1438 externos
1577 1387 1807 1436 sensus
1827 1416 1856 1453 ,
1897 1373 2335 1454 explorarunt.
2413 1370 2564 1438 Hae-

688 1503 847 1554 vero
920 1486 989 1554 in
1036 1506 1114 1556 re
1180 1503 1329 1576 non,
1372 1485 1662 1553 laudandi
1729 1483 1824 1554 illi
1880 1486 2071 1558 nobis
2132 1503 2509 1572 magnopere
2525 1534 2553 1569 ,

688 1601 825 1672 imo
880 1602 1374 1687 reprehendendi
1422 1601 1744 1673 videntur.
1827 1604 1995 1673 Nam
2055 1619 2294 1689 partem
2342 1620 2566 1676 tracta·

689 1740 765 1790 re
819 1720 1260 1807 philosophiae
1284 1767 1310 1803 ,
1350 1722 1603 1786 alteram
1656 1738 1812 1787 vero
1875 1734 2117 1805 partem
2139 1768 2164 1804 ,
2205 1740 2371 1805 quae
2423 1724 2571 1788 lon·

694 1855 775 1925 ge
825 1837 1178 1909 difficillima
1226 1836 1725 1923 gravissimaque
1764 1850 1864 1905 est
1884 1884 1910 1920 ,
1953 1837 2290 1925 ignorare,
2346 1839 2569 1905 saltem

686 1956 1005 2042 negligere
1038 2001 1065 2039 ,
1136 1954 1357 2040 ecquis
1437 1956 1659 2022 decere
1730 1953 2184 2040 philosophum
2243 1954 2484 2026 dixerit
2520 1955 2557 2022 2

692 2072 1018 2163 Quocirca
1074 2090 1207 2141 non
1268 2067 1484 2155 inepte
1540 2070 1729 2139 nobis
1789 2092 1981 2157 supra
2022 2073 2340 2164 ‚suspicati
2395 2073 2576 2142 vide—

694 2208 836 2258 mur
863 2238 890 2276 ‚
930 2209 1071 2257 esse
1132 2189 1280 2258 illos
1338 2189 1802 2273 quodammodo
1837 2208 2069 2274 specus
2113 2189 2418 2259 Platonici
2467 2192 2574 2258 in·

691 2305 855 2374 colis
897 2306 1132 2374 similes
1150 2351 1176 2389 ,
1219 2306 1332 2391 qui
1375 2306 1610 2392 pariter
1651 2306 1907 2375 alterius
1949 2308 2275 2394 cuiusdam
2324 2309 2578 2392 mundi,

693 2442 884 2511 quem
923 2441 1057 2490 non
1102 2420 1396 2492 videbant
1415 2469 1441 2504 ‚
1509 2422 1763 2509 ignari,
1805 2443 1877 2492 ea
1925 2438 2170 2494 tantum
2190 2472 2215 2508 ,
2275 2445 2436 2511 quae
2471 2427 2578 2494 vi-

686 2538 918 2608 debant
935 2585 961 2621 ,
1005 2537 1403 2608 sermonibus
1447 2538 2115 2626 disputationibusque
2146 2543 2561 2629 usurpabant.

694 2656 792 2725 At
849 2673 1003 2724 vero
1060 2669 1213 2723 sunt
1248 2655 1436 2728 iidem
1462 2702 1490 2739 ‚
1533 2658 1710 2741 quod
1768 2676 1902 2725 non
1952 2672 2050 2725 est
2096 2659 2287 2727 nobis
2320 2660 2576 2728 silentio

694 2772 1311 2861 praetermittendum
1329 2821 1355 2856 ‚
1414 2774 1530 2841 hac
1553 2773 1620 2840 in
1650 2794 1873 2844 caussa
1913 2772 2256 2844 dissimiles
2275 2777 2528 2844 illorum
2549 2826 2580 2862 ,

698 2892 882 2978 quod
924 2893 1116 2977 longe
1175 2890 1461 2977 ipsorum
1522 2892 1720 2977 maior
1770 2890 2027 2961 miseria
2084 2908 2209 2961 est.
2319 2895 2579 2980 Captivi

699 3010 869 3077 enim
891 3009 1363 3077 delectabantur
1397 3006 1519 3090 iis,
1563 3026 1724 3091 quae
1757 3007 2057 3076 videbant
2079 3057 2105 3093 ,
2145 3009 2451 3093 mirifice,
2493 3031 2583 3081 ne

697 3124 1005 3210 suspicati
1060 3125 1313 3209 quidem
1336 3170 1361 3206 ,
1427 3124 1678 3193 umbras
1721 3125 1869 3194 haec
1923 3145 2062 3193 esse
2115 3146 2323 3195 rerum
2343 3175 2371 3210 ,
2417 3149 2580 3212 quas

699 3261 836 3311 non
885 3242 1183 3313 videbant
1201 3271 1226 3323 ς
1293 3241 1387 3309 illi
1452 3244 1622 3325 ipsas
1679 3260 1779 3309 res
1823 3259 1967 3310 esse
2004 3243 2256 3311 umbras
2293 3255 2584 3314 ’conten-

700 3361 891 3437 dunt.
977 3361 1174 3451 Quod
1218 3359 1520 3427 monendi
1561 3362 1830 3428 lectores
1852 3407 1877 3443 ,
1919 3360 1997 3427 ad
2034 3374 2203 3428 recte
2243 3380 2355 3430 eos
2393 3363 2584 3431 aesti-

704 3478 973 3547 mandos
996 3525 1022 3561 ,
1125 3476 1507 3546 videbantur
1529 3523 1552 3560 ,
1636 3494 1719 3543 ne
1776 3475 1948 3544 forte
2018 3476 2450 3562 imprudenter
2499 3480 2583 3549 iis

700 3595 991 3678 assensi,
1051 3595 1245 3688 hujus
1304 3593 1528 3662 fierent
1573 3595 1832 3665 miserae
1894 3593 2288 3663 conditionis
2328 3597 2588 3681 pattici.

702 3730 849 3806 pes.
933 3710 1186 3799 Quodsi
1250 3710 1436 3788 iidem
1485 3729 1605 3779 nos
1668 3724 1942 3799 rogant,
2000 3710 2157 3796 quid
2216 3711 2377 3800 ipsis
2436 3731 2589 3781 sua·

2427 3829 2579 3902 den·

774 3966 858 4042 (1)
902 3970 1084 4041 ἤνπερ.
1125 3977 1222 4035 207
1259 3968 1314 4016 et
1349 3967 1470 4025 208·
