2900 4817
1428 455 1773 533 ...34-

660 637 875 722 cipies
916 633 1163 705 eiv'itati
1202 633 1554 718 prodesse!
1598 633 1912 705 nmmum
1960 631 2214 709 Glauco
2253 630 2544 723 caeci-et,
2595 696 2598 699 Α

673 756 916 838 quippe
970 751 1370 820 considerans
1392 797 1420 834 ‚
1503 750 1675 817 unde
1737 747 2134 832 potissimum
2189 749 2494 834 inciperet
2516 797 2547 837 ,

674 876 940 955 imme,
980 868 1067 939 ait
1113 865 1448 948 Socrates,
1492 864 1768 951 perinde·
1809 883 1922 946 ac,
1966 884 2164 947 quum
2214 868 2392 934 amici
2429 871 2547 941 do÷

678 1006 849 1053 mum
901 985 1004 1053 vis
1055 982 1430 1068 amplificare
1447 1029 1473 1063 ,
1557 980 2035 1064 locupletiorem
2095 999 2230 1049 eam
2289 984 2547 1061 reddet-,e

678 1102 899 1170 niteris
919 1148 945 1189 ,
980 1103 1069 1168 ita
1102 1117 1168 1169 et
1206 1100 1525 1168 civitatem
1556 1096 2389 1181 conaberis-opulentiorem
2411 1101 2550 1170 red-

670 1220 875 1288 dere?
914 1256 1006 1277 -
1046 1218 1372 1299 Omnino,
1413 1215 1649 1299 inquit.
1690 1248 1786 1273 --
1824 1213 2125 1282 Fueritne
2162 1215 2355 1301 igitur
2386 1237 2552 1303 opu·

676 1322 953 1418 lentior,
996 1335 1054 1403 si
1102 1346 1452 1420 proventus
1516 1333 1575 1400 ei
1632 1332 1990 1416 complures
2039 1333 2334 1401 accedant
2354 1335 2389 1402 2
2453 1368 2556 1407 -μ

668 1454 1196 1521 Consentaneum
1208 1450 1229 1513 .“
1245 1466 1388 1534 est,
1432 1449 1546 1516 ait.
1591 1483 1687 1505 -·-
1726 1447 1850 1516 Dic
1897 1449 2090 1534 igitur
2112 1497 2138 1533 ,
2181 1451 2417 1535 quibus
2467 1472 2554 1521 ex

676 1568 874 1637 rebus
930 1568 1151 1635 civitas
1199 1567 1351 1633 haec
1387 1578 1748 1650 proventus·
1788 1565 2011 1633 habeat
2066 1581 2132 1635 et
2195 1568 2418 1650 quanti
2457 1569 2557 1635 illi

670 1686 857 1755 sint:
894 1702 1037 1753 nam
1092 1685 1345 1768 planum
1402 1695 1546 1763 est,
1590 1682 1740 1748 haec
1785 1698 1864 1749 ·te
1905 1683 2384 1769 considerasse,
2425 1702 2550 1773 ut,

678 1802 743 1867 si
810 1802 1063 1884 quidam
1113 1801 1180 1865 in
1229 1799 1310 1865 iis
1370 1796 1586 1883 exigui
1649 1798 1820 1881 sint,
1862 1817 1975 1866 eos
2031 1814 2106 1866 tu
2156 1802 2452 1887 explms3
2498 1806 2559 1871 si

676 1917 939 2000 quidem
973 1930 1181 1984 autem
1214 1914 1580 1981 amittantur
1600 1961 1626 1997 ,
1670 1934 1783 1983 eos
1828 1934 2045 1983 rursus
2080 1934 2438 2002 compares.
2462 1954 2559 1974 --

676 2033 831 2118 Ego
880 2049 1087 2116 vero,
1145 2033 1235 2098 ait
1288 2030 1540 2098 Glauco
1563 2078 1588 2114 ‚
1670 2050 1991 2114 nunquam
2050 2031 2343 2115 profecto
2405 2036 2556 2102 haec

674 2148 1102 2219 consideravi.
1144 2182 1240 2203 -
1278 2148 1530 2233 Quodsi
1579 2150 1742 2215 -haec
1784 2149 2160 2233 neglexisti,
2211 2151 2299 2216 ait
2338 2151 2563 2219 Socra-

678 2276 785 2331 -tes
810 2311 836 2347 ,
879 2266 1099 2333 saltem
1151 2278 1430 2333 sumtus·
1456 2246 1729 2333 civitatis
1783 2265 1972 2334 nobis
2030 2285 2302 2351 expone.
2387 2268 2555 2357 Nam

684 2395 928 2457 certum
968 2370 1117 2464 est,
1180 2396 1468 2465 reputare
1513 2398 1576 2448 te
1628 2382 1884 2463 animo,
1929 2394 2002 2447 ut
2055 2401 2557 2473 supervacaneos

680 2499 901 2565 tollas-
947 2532 1037 2554 -·
1073 2496 1181 2566 Ne
1220 2499 1340 2565 hos
1391 2499 1576 2564 etiam
1599 2545 1624 2580 ,
1689 2517 1807 2583 per
1841 2501 2056 2567 Iovem
2080 2548 2104 2583 ,
2160 2500 2371 2584 inquit
2393 2549 2418 2583 ,
2461 2517 2558 2569 at-

684 2614 884 2682 tendi.
953 2647 1048 2671 --
1107 2612 1284 2699 Ergo
1309 2614 1424 2707 'ait
1447 2660 1474 2696 ,
1516 2613 1874 2682 differamus
1934 2617 2316 2700 aliquantum
2370 2619 2562 2686 ratio·

682 2748 833 2799 nem
879 2729 1356 2815 locupletandae
1406 2731 1709 2799 civitatis.
1797 2733 1963 2825 Nam
2009 2735 2123 2816 qui
2188 2735 2398 2819 possit
2450 2735 2563 2803 fle·

688 2849 786 2931 ri,
828 2862 902 2915 ut
951 2849 1170 2917 harum
1222 2865 1429 2914 nerum
1471 2868 1682 2915 curam
1721 2849 1942 2916 habeat
1990 2850 2094 2934 is,
2140 2851 2254 2935 qui
2291 2867 2357 2919 et
2389 2873 2564 2920 sum-

691 2978 798 3032 tus
852 2977 919 3031 et
972 2976 1323 3049 proventus
1391 2964 1639 3049 ignorat
1662 2963 1763 3030 ‘i”
1804 2964 1871 3010 <⁸2
2185 3020 2191 3027 .

774 3081 949 3149 Haec
1010 3080 1287 3148 Socratis
1341 3078 1469 3148 fuit
1522 3082 1731 3149 nativa
1791 3081 2324 3166 dialecticayqua
2358 3082 2562 3150 effice·

686 3216 757 3266 re
815 3196 1106 3267 studebat
1135 3243 1161 3280 ,
1224 3211 1301 3264 ut
1351 3213 1686 3267 revocatus
1735 3200 1880 3281 quis
1942 3221 1980 3267 a
2044 3199 2224 3268 vanis
2278 3200 2564 3269 consiliis

688 3314 1211 3401 propositisque,
1254 3313 1490 3397 quibus
1543 3332 1711 3382 esset
1755 3317 1952 3400 impar
1975 3365 2001 3401 ,
2058 3317 2301 3403 videret
2320 3364 2348 3404 ,
2411 3318 2572 3402 quid

674 3434 941 3501 deesset
1003 3431 1125 3499 sibi
1164 3448 1281 3497 nec
1325 3431 1679 3516 susciperet
1735 3435 1965 3519 majora
2008 3434 2114 3500 illa
2168 3449 2236 3501 et
2295 3436 2572 3519 praecla-

696 3568 808 3628 ra,
891 3562 1251 3631 antequam⁴
1284 3566 1357 3614 se
1412 3549 1621 3632 ipsum
1679 3549 1784 3616 iis·
1817 3550 2214 3635 perficiendis
2272 3553 2570 3621 idoneum

693 3664 1087 3733 reddidisset.
1195 3665 1352 3733 Erat
1413 3680 1624 3733 autem
1684 3667 1835 3734 haec
1907 3668 2316 3751 colloquendi
2375 3670 2576 3736 disse-

662 3781 1004 3866 rendique
1058 3782 1221 3847 rati'o
1277 3782 1356 3848 ad
1394 3788 1588 3867 τυφὸν
1647 3802 1779 3850 non
1823 3799 2069 3853 tantum
2106 3784 2521 3871 coercendum
2542 3831 2574 3868 ,

1775 3958 1781 3971 .
2458 3920 2569 3969 re-

660 4064 667 4073 ·
774 4036 855 4106 (t)
897 4031 1151 4110 Xenoph.
1184 4031 1351 4097 Hem.
1388 4033 1506 4090 m.
1536 4032 1591 4091 6.
1625 4039 1682 4108 §.
1718 4036 1841 4091 3.,6.

1454 4332 1480 4365 J
