2900 4817
1080 535 1456 601 nnn-⁸1-

332 715 601 786 peraret.
691 699 1051 768 Declaravit
1101 700 1186 766 ita
1237 715 1383 785 apte
1404 723 1443 783 ,²
1494 698 2040 796 quamadmodum
2069 695 2238 776 ιώ,

330 840 468 890 mus
527 817 795 888 insitum
856 818 981 884 sibi
1017 803 1165 886 'veri
1225 836 1499 885 amorem
1553 836 1666 901 per
1720 834 1996 908 sensim,
2053 830 2208 885 tam-

332 956 519 1019 quam
576 936 850 1004 nuncios
868 990 891 1019 ,
942 941 1257 1020 tamquam
1311 935 1698 1021 cognitionis
1760 953 1913 1034 suae
1969 935 2208 1004 instru-

332 1068 582 1133 menta,
641 1055 896 1137 explere
952 1068 1335 1143 conarentr3
1380 1067 1807 1120 verumtamen
1865 1052 1988 1118 hoc
2045 1071 2210 1119 non·-

326 1171 478 1238 dum
563 1168 943 1253 patefecerat
1017 1169 1363 1253 inquirenti
1385 1215 1412 1251 ‚
1489 1189 1620 1252 quo
1655 1194 1660 1200 ·
1699 1171 1947 1237 tandem
2014 1172 2208 1237 modo

326 1289 455 1356 illa
509 1288 934 1372 percipiamus
995 1265 1204 1354 mente
1224 1313 1269 1368 ,·
1349 1305 1513 1370 quae
1583 1286 1695 1353 uni
1755 1286 1952 1354 menti
1975 1333 2002 1368 ‚
2075 1304 2208 1362 non

332 1404 632 1474 sensibus
666 1412 884 1487 patent
907 1450 932 1487 ‚
976 1406 1268 1488 pulcrum
1290 1449 1316 1485 ‚
1340 1403 1581 1469 bonum
1608 1448 1633 1482 ‚
1672 1403 1912 1487 justum
1939 1449 1964 1482 ‚
1993 1400 2214 1470 omni-

334 1541 424 1587 no
446 1570 471 1602 ‚
514 1526 602 1592 τὰ
662 1523 806 1592 ὄντα
827 1569 851 1601 ,
917 1537 1080 1603 quae
1112 1539 1243 1590 non
1280 1538 1421 1586 esse
1479 1517 1778 1588 videmur
1801 1565 1826 1600 ,
1870 1518 1982 1586 sed
2037 1532 2209 1585 sunt.

322 1636 503 1705 -Nam
560 1638 850 1721 quamvis
901 1638 986 1704 sit
1038 1655 1179 1703 acer
1215 1637 1473 1703 videndi
1516 1655 1742 1704 sensus
1796 1638 1904 1704 ille
1925 1682 1949 1717 ,
2019 1651 2216 1718 quan-

337 1753 578 1820 tumvis
625 1731 876 1821 accedat
933 1753 1011 1820 ad
1063 1772 1135 1820 ea
1179 1753 1549 1835 sentienda,
1615 1773 1778 1835 quae
1821 1769 2031 1822 mente
2071 1771 2215 1836 pcr-

338 1871 710 1954 cipiantur,
754 1884 961 1938 tamen
1020 1871 1223 1967 cernit
1269 1888 1433 1953 quae
1480 1870 1819 1954 videntur,
1885 1889 2076 1954 quae·
2105 1889 2215 1939 con

345 1989 627 2074 girantur
696 2006 826 2056 non
902 2003 1122 2072 potest
1184 2005 1466 2055 cernere.
1576 1987 1729 2075 Quo
1782 1988 1980 2073 magis
2023 1985 2219 2074 igitur

343 2107 505 2172 hanc
563 2105 883 2190 propriam
940 2087 1167 2172 mentis
1226 2104 1584 2172 facultatem
1636 2107 2010 2189 declararet,
2057 2121 2219 2190 quo-

346 2242 479 2305 que
532 2225 724 2290 nobis
788 2223 1144 2290 evidentius
1194 2222 1571 2307 patefaceret
1595 2271 1618 2305 ‚
1689 2223 1844 2307 quid
1907 2225 2217 2310 agendum

345 2342 740 2425 philosopho
806 2342 890 2409 sit
915 2389 938 2423 ‚
1027 2342 1137 2424 qui
1216 2341 1540 2409 veritatem
1632 2341 2001 2424 adspicere,
2087 2357 2221 2408 non

347 2458 622 2542 imagine
668 2477 1024 2541 expressam
1050 2507 1075 2540 ‚
1118 2460 1235 2525 sed
1272 2460 1470 2543 ipsam
1494 2506 1517 2540 ‚
1563 2460 1675 2528 sed
1727 2458 2064 2544 integram,
2109 2461 2223 2527 sed

346 2577 518 2660 pura
588 2576 653 2642 in
704 2577 855 2642 iuce
912 2578 1341 2659 splendentem
1406 2591 1709 2662 cuperet,
1778 2579 2033 2644 oculum
2093 2595 2226 2646 me-

349 2693 620 2759 moravit
660 2691 850 2757 animi
892 2692 1209 2773 subinde,
1262 2698 1434 2778 ὄμμα
1494 2705 1604 2774 τῆς
1657 2706 1908 2788 ψυχῆς,
1965 2707 2226 2763 sexcen-

340 2808 431 2877 tis
495 2809 701 2876 oculis
768 2807 1136 2891 potiorem,
1204 2814 1445 2894 quippe
1503 2831 1632 2893 quo
1676 2827 2223 2879 unm-cerneretur

351 2927 616 2992 veritas·
729 2926 921 2991 Hunc
982 2943 1187 2992 autem
1261 2931 1510 2993 oculum
1539 2976 1562 3009 ‚
1649 2927 1879 2994 mentis
1931 2934 2176 3015 ὄργανον
2197 2980 2226 3014 ,,

353 3059 431 3110 ut
503 3043 846 3129 negligitur
888 3063 922 3109 a
984 3046 1304 3127 plerisque
1361 3060 1424 3111 et
1473 3065 1732 3111 coecum
1800 3045 1871 3110 fit
1927 3067 1997 3112 ac
2060 3048 2227 3131 perit

348 3158 535 3242 fere,
583 3158 929 3241 disciplinis
955 3160 1199 3232 monuit
1239 3182 1273 3226 a
1307 3166 1520 3228 tenera
1562 3162 1706 3227 inde
1744 3177 1988 3244 aetate,
2033 3163 2229 3229 maxi·

348 3295 589 3358 meque
637 3276 1086 3374 mathematicis
1151 3293 1215 3343 et
1284 3277 1616 3344 dialceticis
1675 3279 2231 3363 disquisitionibus

350 3410 503 3460 cum
566 3371 992 3459 suscitandum
1036 3413 1179 3461 esse
1230 3396 1295 3461 in
1332 3413 1586 3480 mente,
1633 3413 1765 3463 tum
1811 3399 2226 3480 purgandum.

360 3510 534 3576 Nam
577 3509 667 3576 sic
727 3509 975 3576 demum
1034 3510 1171 3576 fieri
1223 3531 1463 3595 posse,
1509 3528 1579 3578 ut
1637 3514 1810 3595 quod
1874 3513 2237 3580 ardentissi-

361 3645 473 3694 me
527 3646 804 3693 amamus
879 3628 1193 3709 uniceque
1254 3630 1545 3714 amplecti
1615 3643 1818 3694 totum
1890 3630 2235 3714 cupimus,

371 3745 581 3828 ipsum
636 3745 780 3810 dico
819 3764 1038 3813 verum
1065 3795 1088 3828 ‚
1134 3747 1198 3812 id
1236 3748 1411 3830 quod
1449 3762 1575 3828 est,
1622 3765 1736 3814 nec
1774 3747 1949 3814 falsis
1985 3765 2104 3814 nos
2142 3750 2243 3815 lu·

324 3863 466 3929 ‘dit
520 3863 890 3945 imaginibus
916 3909 942 3946 ,
984 3863 1109 3933 hoc
1154 3864 1355 3961 igitur
1414 3866 1764 3932 intueamur
1821 3867 2051 3950 plane,
2096 3886 2240 3934 cum

364 3998 583 4064 eoque
641 3981 970 4068 congressi
1032 3992 1162 4050 non
1239 3982 1393 4052 falsa
1463 3998 1526 4052 et
1586 3984 1787 4054 inania
1811 4031 1835 4065 ‚
1917 3984 2031 4050 sed
2097 4004 2244 4050 vera

365 4095 685 4181 pariamus
711 4144 736 4181 ,
803 4115 968 4179 quae
1009 4115 1216 4164 veram
1273 4100 1621 4181 provehant
1672 4102 1924 4176 humani
1995 4099 2244 4184 generis

1258 4217 1319 4282 D
1365 4238 1403 4283 2
2155 4213 2249 4283 fe-
