<?xml version="1.0" encoding="UTF-8"?>
<!DOCTYPE html PUBLIC "-//W3C//DTD XHTML 1.0 Transitional//EN"
    "http://www.w3.org/TR/xhtml1/DTD/xhtml1-transitional.dtd">
<html xmlns="http://www.w3.org/1999/xhtml" xml:lang="en" lang="en">
 <head>
  <title>
</title>
<meta http-equiv="Content-Type" content="text/html;charset=utf-8" />
  <meta name='ocr-system' content='tesseract 3.04.00' />
  <meta name='ocr-capabilities' content='ocr_page ocr_carea ocr_par ocr_line ocrx_word'/>
</head>
<body>
  <div class='ocr_page' id='page_1' title='image "./initiaphilosoph06heusgoog/initiaphilosoph06heusgoog_0178.png"; bbox 0 0 2900 4817; ppageno 0'>
   <div class='ocr_carea' id='block_1_1' title="bbox 1358 405 1796 472">
    <p class='ocr_par' dir='ltr' id='par_1_1' title="bbox 1358 405 1796 472">
     <span class='ocr_line' id='line_1_1' title="bbox 1358 405 1796 472; baseline 0.005 -2"><span class='ocrx_word' id='word_1_1' title='bbox 1358 405 1796 472; x_wconf 43' lang='lat'><strong>‘-·-.144-</strong></span> 
     </span>
    </p>
   </div>
   <div class='ocr_carea' id='block_1_2' title="bbox 587 568 2548 4150">
    <p class='ocr_par' dir='ltr' id='par_1_2' title="bbox 587 568 2548 2764">
     <span class='ocr_line' id='line_1_2' title="bbox 667 568 2548 657; baseline 0.001 -16"><span class='ocrx_word' id='word_1_2' title='bbox 667 571 793 656; x_wconf 81' lang='lat' dir='ltr'><strong>tia,</strong></span> <span class='ocrx_word' id='word_1_3' title='bbox 837 584 910 644; x_wconf 86' lang='lat' dir='ltr'><strong>ut</strong></span> <span class='ocrx_word' id='word_1_4' title='bbox 945 570 1281 654; x_wconf 85' lang='lat' dir='ltr'><strong>putabatur</strong></span> <span class='ocrx_word' id='word_1_5' title='bbox 1300 616 1323 651; x_wconf 90' lang='lat'><strong>‚</strong></span> <span class='ocrx_word' id='word_1_6' title='bbox 1369 588 1611 646; x_wconf 81' lang='lat' dir='ltr'><strong>summa</strong></span> <span class='ocrx_word' id='word_1_7' title='bbox 1636 617 1662 651; x_wconf 84' lang='lat'>‚</span> <span class='ocrx_word' id='word_1_8' title='bbox 1708 568 1772 634; x_wconf 87' lang='lat' dir='ltr'><strong>in</strong></span> <span class='ocrx_word' id='word_1_9' title='bbox 1815 574 2147 651; x_wconf 80' lang='lat' dir='ltr'><strong>utramque</strong></span> <span class='ocrx_word' id='word_1_10' title='bbox 2179 585 2425 657; x_wconf 83' lang='lat' dir='ltr'><strong>partem</strong></span> <span class='ocrx_word' id='word_1_11' title='bbox 2465 571 2548 642; x_wconf 85' lang='lat' dir='ltr'><strong>de</strong></span> 
     </span>
     <span class='ocr_line' id='line_1_3' title="bbox 655 685 2547 775; baseline 0 -16"><span class='ocrx_word' id='word_1_12' title='bbox 655 693 910 774; x_wconf 15' lang='lat' dir='ltr'><strong>(eodem,</strong></span> <span class='ocrx_word' id='word_1_13' title='bbox 977 702 1345 775; x_wconf 87' lang='lat' dir='ltr'><strong>argumento</strong></span> <span class='ocrx_word' id='word_1_14' title='bbox 1419 687 1689 771; x_wconf 75' lang='lat' dir='ltr'>copiose</span> <span class='ocrx_word' id='word_1_15' title='bbox 1748 685 2291 773; x_wconf 84' lang='lat' dir='ltr'>probabiliterque</span> <span class='ocrx_word' id='word_1_16' title='bbox 2344 689 2547 760; x_wconf 81' lang='lat' dir='ltr'><strong>disse·</strong></span> 
     </span>
     <span class='ocr_line' id='line_1_4' title="bbox 667 803 2542 890; baseline 0 -15"><span class='ocrx_word' id='word_1_17' title='bbox 667 809 843 876; x_wconf 84' lang='lat' dir='ltr'><strong>rendi</strong></span> <span class='ocrx_word' id='word_1_18' title='bbox 868 850 894 889; x_wconf 87' lang='lat'><strong>‚</strong></span> <span class='ocrx_word' id='word_1_19' title='bbox 957 822 1144 890; x_wconf 86' lang='lat' dir='ltr'><strong>quam</strong></span> <span class='ocrx_word' id='word_1_20' title='bbox 1195 818 1267 870; x_wconf 92' lang='lat' dir='ltr'><strong>ut</strong></span> <span class='ocrx_word' id='word_1_21' title='bbox 1318 804 1537 871; x_wconf 90' lang='lat' dir='ltr'><strong>docuit</strong></span> <span class='ocrx_word' id='word_1_22' title='bbox 1582 803 2009 886; x_wconf 84' lang='lat' dir='ltr'><strong>Aristoteles,</strong></span> <span class='ocrx_word' id='word_1_23' title='bbox 2073 805 2160 871; x_wconf 91' lang='lat' dir='ltr'><strong>ita</strong></span> <span class='ocrx_word' id='word_1_24' title='bbox 2221 804 2542 875; x_wconf 75' lang='lat' dir='ltr'>factitasse</span> 
     </span>
     <span class='ocr_line' id='line_1_5' title="bbox 595 920 2538 1014; baseline 0 -22"><span class='ocrx_word' id='word_1_25' title='bbox 595 999 600 1002; x_wconf 49' lang='grc'>,</span> <span class='ocrx_word' id='word_1_26' title='bbox 666 925 930 1010; x_wconf 79' lang='lat' dir='ltr'><strong>dialogis</strong></span> <span class='ocrx_word' id='word_1_27' title='bbox 982 923 1124 990; x_wconf 88' lang='lat' dir='ltr'><strong>suis</strong></span> <span class='ocrx_word' id='word_1_28' title='bbox 1173 920 1375 989; x_wconf 85' lang='lat' dir='ltr'><strong>videri</strong></span> <span class='ocrx_word' id='word_1_29' title='bbox 1426 935 1688 1014; x_wconf 82' lang='lat' dir='ltr'><strong>potest,</strong></span> <span class='ocrx_word' id='word_1_30' title='bbox 1732 920 1889 987; x_wconf 86' lang='lat' dir='ltr'><strong>hanc</strong></span> <span class='ocrx_word' id='word_1_31' title='bbox 1944 924 2267 1005; x_wconf 87' lang='lat' dir='ltr'><strong>quomodo</strong></span> <span class='ocrx_word' id='word_1_32' title='bbox 2305 923 2538 994; x_wconf 88' lang='lat' dir='ltr'><strong>Cicero</strong></span> 
     </span>
     <span class='ocr_line' id='line_1_6' title="bbox 593 1032 2543 1125; baseline 0.002 -17"><span class='ocrx_word' id='word_1_33' title='bbox 593 1117 598 1124; x_wconf 49' lang='grc'><strong>,</strong></span> <span class='ocrx_word' id='word_1_34' title='bbox 664 1042 733 1109; x_wconf 86' lang='lat' dir='ltr'><strong>in</strong></span> <span class='ocrx_word' id='word_1_35' title='bbox 758 1032 764 1038; x_wconf 74' lang='grc'><strong>’</strong></span> <span class='ocrx_word' id='word_1_36' title='bbox 787 1041 922 1108; x_wconf 88' lang='lat' dir='ltr'><strong>aliis</strong></span> <span class='ocrx_word' id='word_1_37' title='bbox 965 1039 1267 1125; x_wconf 78' lang='lat' dir='ltr'><strong>scriptiS,</strong></span> <span class='ocrx_word' id='word_1_38' title='bbox 1321 1052 1457 1104; x_wconf 86' lang='lat' dir='ltr'><strong>tum</strong></span> <span class='ocrx_word' id='word_1_39' title='bbox 1501 1037 1792 1123; x_wconf 85' lang='lat' dir='ltr'><strong>inprimis</strong></span> <span class='ocrx_word' id='word_1_40' title='bbox 1850 1036 1929 1105; x_wconf 75' lang='lat' dir='ltr'><strong>de</strong></span> <span class='ocrx_word' id='word_1_41' title='bbox 1967 1038 2203 1123; x_wconf 79' lang='lat' dir='ltr'><strong>finibus</strong></span> <span class='ocrx_word' id='word_1_42' title='bbox 2247 1055 2373 1109; x_wconf 87' lang='lat' dir='ltr'><strong>tam</strong></span> <span class='ocrx_word' id='word_1_43' title='bbox 2425 1043 2543 1112; x_wconf 88' lang='lat' dir='ltr'><strong>ml-</strong></span> 
     </span>
     <span class='ocr_line' id='line_1_7' title="bbox 661 1153 2545 1243; baseline 0 -16"><span class='ocrx_word' id='word_1_44' title='bbox 661 1156 942 1227; x_wconf 82' lang='lat' dir='ltr'><strong>rabiliter</strong></span> <span class='ocrx_word' id='word_1_45' title='bbox 978 1154 1289 1239; x_wconf 83' lang='lat' dir='ltr'><strong>explicare</strong></span> <span class='ocrx_word' id='word_1_46' title='bbox 1330 1154 1651 1240; x_wconf 88' lang='lat' dir='ltr'><strong>potuisset</strong></span> <span class='ocrx_word' id='word_1_47' title='bbox 1668 1200 1695 1237; x_wconf 86' lang='lat'><strong>,</strong></span> <span class='ocrx_word' id='word_1_48' title='bbox 1738 1154 1862 1220; x_wconf 88' lang='lat' dir='ltr'><strong>nisi</strong></span> <span class='ocrx_word' id='word_1_49' title='bbox 1911 1153 2196 1241; x_wconf 83' lang='lat' dir='ltr'><strong>dialogos</strong></span> <span class='ocrx_word' id='word_1_50' title='bbox 2251 1157 2545 1243; x_wconf 86' lang='lat' dir='ltr'><strong>scripsis-</strong></span> 
     </span>
     <span class='ocr_line' id='line_1_8' title="bbox 587 1270 2539 1360; baseline 0 -18"><span class='ocrx_word' id='word_1_51' title='bbox 587 1355 592 1360; x_wconf 35' lang='lat'>‚</span> <span class='ocrx_word' id='word_1_52' title='bbox 665 1274 819 1342; x_wconf 72' lang='lat' dir='ltr'><strong>set?</strong></span> <span class='ocrx_word' id='word_1_53' title='bbox 862 1274 988 1342; x_wconf 88' lang='lat' dir='ltr'><strong>Sed</strong></span> <span class='ocrx_word' id='word_1_54' title='bbox 1031 1287 1225 1341; x_wconf 85' lang='lat' dir='ltr'><strong>artem</strong></span> <span class='ocrx_word' id='word_1_55' title='bbox 1278 1273 1438 1338; x_wconf 91' lang='lat' dir='ltr'><strong>hanc</strong></span> <span class='ocrx_word' id='word_1_56' title='bbox 1475 1271 1676 1356; x_wconf 83' lang='lat' dir='ltr'><strong>ipsam</strong></span> <span class='ocrx_word' id='word_1_57' title='bbox 1730 1270 2028 1356; x_wconf 85' lang='lat' dir='ltr'><strong>reprobat</strong></span> <span class='ocrx_word' id='word_1_58' title='bbox 2081 1271 2539 1360; x_wconf 74' lang='lat' dir='ltr'><strong>philosophia,</strong></span> 
     </span>
     <span class='ocr_line' id='line_1_9' title="bbox 669 1371 2541 1478; baseline 0.001 -19"><span class='ocrx_word' id='word_1_59' title='bbox 669 1371 728 1459; x_wconf 81' lang='lat' dir='ltr'><strong>si</strong></span> <span class='ocrx_word' id='word_1_60' title='bbox 795 1392 1046 1474; x_wconf 89' lang='lat' dir='ltr'><strong>quidem</strong></span> <span class='ocrx_word' id='word_1_61' title='bbox 1106 1389 1490 1458; x_wconf 88' lang='lat' dir='ltr'><strong>audientium</strong></span> <span class='ocrx_word' id='word_1_62' title='bbox 1563 1386 1769 1457; x_wconf 87' lang='lat' dir='ltr'><strong>studia</strong></span> <span class='ocrx_word' id='word_1_63' title='bbox 1790 1436 1817 1471; x_wconf 88' lang='lat'>‚</span> <span class='ocrx_word' id='word_1_64' title='bbox 1904 1409 2093 1472; x_wconf 88' lang='lat' dir='ltr'><strong>quam</strong></span> <span class='ocrx_word' id='word_1_65' title='bbox 2151 1390 2288 1458; x_wconf 86' lang='lat' dir='ltr'><strong>veri</strong></span> <span class='ocrx_word' id='word_1_66' title='bbox 2329 1391 2541 1478; x_wconf 88' lang='lat' dir='ltr'><strong>inqui-</strong></span> 
     </span>
     <span class='ocr_line' id='line_1_10' title="bbox 665 1506 2543 1596; baseline 0.001 -20"><span class='ocrx_word' id='word_1_67' title='bbox 665 1510 848 1577; x_wconf 88' lang='lat' dir='ltr'><strong>rendi</strong></span> <span class='ocrx_word' id='word_1_68' title='bbox 885 1508 1268 1594; x_wconf 81' lang='lat' dir='ltr'><strong>diligentiam</strong></span> <span class='ocrx_word' id='word_1_69' title='bbox 1295 1554 1321 1589; x_wconf 87' lang='lat'><strong>,</strong></span> <span class='ocrx_word' id='word_1_70' title='bbox 1370 1507 1568 1596; x_wconf 86' lang='lat' dir='ltr'><strong>magis</strong></span> <span class='ocrx_word' id='word_1_71' title='bbox 1609 1519 1878 1591; x_wconf 87' lang='lat' dir='ltr'><strong>spectet.</strong></span> <span class='ocrx_word' id='word_1_72' title='bbox 1924 1506 2069 1573; x_wconf 92' lang='lat' dir='ltr'><strong>Nec</strong></span> <span class='ocrx_word' id='word_1_73' title='bbox 2113 1521 2214 1574; x_wconf 86' lang='lat' dir='ltr'><strong>est</strong></span> <span class='ocrx_word' id='word_1_74' title='bbox 2246 1509 2403 1592; x_wconf 86' lang='lat' dir='ltr'><strong>quin</strong></span> <span class='ocrx_word' id='word_1_75' title='bbox 2448 1506 2543 1577; x_wconf 81' lang='lat' dir='ltr'><strong>fa·</strong></span> 
     </span>
     <span class='ocr_line' id='line_1_11' title="bbox 665 1623 2540 1711; baseline -0.002 -15"><span class='ocrx_word' id='word_1_76' title='bbox 665 1639 875 1696; x_wconf 79' lang='lat' dir='ltr'><strong>teatur</strong></span> <span class='ocrx_word' id='word_1_77' title='bbox 894 1674 920 1708; x_wconf 84' lang='lat'>‚</span> <span class='ocrx_word' id='word_1_78' title='bbox 982 1628 1130 1711; x_wconf 88' lang='lat' dir='ltr'><strong>plus</strong></span> <span class='ocrx_word' id='word_1_79' title='bbox 1186 1625 1587 1707; x_wconf 83' lang='lat' dir='ltr'><strong>eloquentiae</strong></span> <span class='ocrx_word' id='word_1_80' title='bbox 1628 1624 1693 1689; x_wconf 91' lang='lat' dir='ltr'><strong>in</strong></span> <span class='ocrx_word' id='word_1_81' title='bbox 1737 1623 2002 1709; x_wconf 84' lang='lat' dir='ltr'><strong>dialogis</strong></span> <span class='ocrx_word' id='word_1_82' title='bbox 2065 1623 2369 1694; x_wconf 82' lang='lat' dir='ltr'><strong>tribuisse</strong></span> <span class='ocrx_word' id='word_1_83' title='bbox 2422 1627 2540 1696; x_wconf 86' lang='lat' dir='ltr'><strong>ci·</strong></span> 
     </span>
     <span class='ocr_line' id='line_1_12' title="bbox 633 1736 2539 1825; baseline -0.001 -16"><span class='ocrx_word' id='word_1_84' title='bbox 633 1759 953 1816; x_wconf 79' lang='lat' dir='ltr'><strong>ceronem</strong></span> <span class='ocrx_word' id='word_1_85' title='bbox 970 1787 996 1823; x_wconf 86' lang='lat'>‚</span> <span class='ocrx_word' id='word_1_86' title='bbox 1043 1760 1230 1824; x_wconf 87' lang='lat' dir='ltr'><strong>quam</strong></span> <span class='ocrx_word' id='word_1_87' title='bbox 1262 1738 1538 1824; x_wconf 88' lang='lat' dir='ltr'><strong>simplici</strong></span> <span class='ocrx_word' id='word_1_88' title='bbox 1569 1738 1851 1806; x_wconf 86' lang='lat' dir='ltr'><strong>veritatis</strong></span> <span class='ocrx_word' id='word_1_89' title='bbox 1896 1736 2304 1825; x_wconf 76' lang='lat' dir='ltr'><strong>indagationi.</strong></span> <span class='ocrx_word' id='word_1_90' title='bbox 2391 1739 2539 1808; x_wconf 70' lang='lat' dir='ltr'><strong>Alia</strong></span> 
     </span>
     <span class='ocr_line' id='line_1_13' title="bbox 663 1839 2538 1944; baseline -0.001 -18"><span class='ocrx_word' id='word_1_91' title='bbox 663 1874 762 1926; x_wconf 84' lang='lat' dir='ltr'><strong>est</strong></span> <span class='ocrx_word' id='word_1_92' title='bbox 800 1839 1116 1944; x_wconf 86' lang='lat' dir='ltr'><strong>longeque</strong></span> <span class='ocrx_word' id='word_1_93' title='bbox 1144 1858 1388 1924; x_wconf 86' lang='lat' dir='ltr'><strong>diversa</strong></span> <span class='ocrx_word' id='word_1_94' title='bbox 1429 1855 1898 1923; x_wconf 83' lang='lat' dir='ltr'><strong>Platonicorum</strong></span> <span class='ocrx_word' id='word_1_95' title='bbox 1954 1855 2346 1944; x_wconf 86' lang='lat' dir='ltr'><strong>dialogorum</strong></span> <span class='ocrx_word' id='word_1_96' title='bbox 2381 1877 2538 1926; x_wconf 88' lang='lat' dir='ltr'><strong>con·</strong></span> 
     </span>
     <span class='ocr_line' id='line_1_14' title="bbox 663 1973 2532 2059; baseline 0 -16"><span class='ocrx_word' id='word_1_97' title='bbox 663 1976 863 2056; x_wconf 83' lang='lat' dir='ltr'><strong>ditio,</strong></span> <span class='ocrx_word' id='word_1_98' title='bbox 908 1990 1168 2056; x_wconf 76' lang='lat' dir='ltr'><strong>naturae</strong></span> <span class='ocrx_word' id='word_1_99' title='bbox 1206 1973 1490 2057; x_wconf 88' lang='lat' dir='ltr'><strong>ipsorum</strong></span> <span class='ocrx_word' id='word_1_100' title='bbox 1510 2020 1533 2055; x_wconf 87' lang='lat'><strong>‚</strong></span> <span class='ocrx_word' id='word_1_101' title='bbox 1580 1993 1767 2058; x_wconf 88' lang='lat' dir='ltr'><strong>quam</strong></span> <span class='ocrx_word' id='word_1_102' title='bbox 1789 1974 2105 2058; x_wconf 83' lang='lat' dir='ltr'><strong>diximus,</strong></span> <span class='ocrx_word' id='word_1_103' title='bbox 2146 1993 2532 2059; x_wconf 84' lang='lat' dir='ltr'><strong>congruens.</strong></span> 
     </span>
     <span class='ocr_line' id='line_1_15' title="bbox 662 2090 2533 2177; baseline -0.001 -17"><span class='ocrx_word' id='word_1_104' title='bbox 662 2094 823 2161; x_wconf 87' lang='lat' dir='ltr'><strong>Eam</strong></span> <span class='ocrx_word' id='word_1_105' title='bbox 877 2093 1112 2160; x_wconf 87' lang='lat' dir='ltr'><strong>habent</strong></span> <span class='ocrx_word' id='word_1_106' title='bbox 1167 2111 1314 2159; x_wconf 86' lang='lat' dir='ltr'><strong>cum</strong></span> <span class='ocrx_word' id='word_1_107' title='bbox 1377 2092 1656 2158; x_wconf 86' lang='lat' dir='ltr'><strong>auctoris</strong></span> <span class='ocrx_word' id='word_1_108' title='bbox 1717 2090 2128 2177; x_wconf 88' lang='lat' dir='ltr'><strong>philosophia</strong></span> <span class='ocrx_word' id='word_1_109' title='bbox 2182 2091 2533 2160; x_wconf 83' lang='lat' dir='ltr'><strong>necessitu-</strong></span> 
     </span>
     <span class='ocr_line' id='line_1_16' title="bbox 661 2211 2533 2295; baseline 0 -18"><span class='ocrx_word' id='word_1_110' title='bbox 661 2211 872 2278; x_wconf 87' lang='lat' dir='ltr'><strong>dinem</strong></span> <span class='ocrx_word' id='word_1_111' title='bbox 888 2258 912 2292; x_wconf 85' lang='lat'><strong>‚</strong></span> <span class='ocrx_word' id='word_1_112' title='bbox 954 2224 1030 2277; x_wconf 91' lang='lat' dir='ltr'><strong>ut</strong></span> <span class='ocrx_word' id='word_1_113' title='bbox 1082 2228 1203 2277; x_wconf 90' lang='lat' dir='ltr'><strong>una</strong></span> <span class='ocrx_word' id='word_1_114' title='bbox 1265 2211 1416 2277; x_wconf 87' lang='lat' dir='ltr'><strong>haec</strong></span> <span class='ocrx_word' id='word_1_115' title='bbox 1464 2224 1633 2279; x_wconf 88' lang='lat' dir='ltr'><strong>esset</strong></span> <span class='ocrx_word' id='word_1_116' title='bbox 1674 2211 1987 2278; x_wconf 85' lang='lat' dir='ltr'><strong>scribendi</strong></span> <span class='ocrx_word' id='word_1_117' title='bbox 2044 2211 2206 2277; x_wconf 88' lang='lat' dir='ltr'><strong>ratio</strong></span> <span class='ocrx_word' id='word_1_118' title='bbox 2232 2257 2258 2293; x_wconf 87' lang='lat'>‚</span> <span class='ocrx_word' id='word_1_119' title='bbox 2303 2230 2427 2295; x_wconf 89' lang='lat' dir='ltr'><strong>qua</strong></span> <span class='ocrx_word' id='word_1_120' title='bbox 2466 2223 2533 2277; x_wconf 89' lang='lat' dir='ltr'><strong>et</strong></span> 
     </span>
     <span class='ocr_line' id='line_1_17' title="bbox 663 2303 2533 2410; baseline 0 -16"><span class='ocrx_word' id='word_1_121' title='bbox 663 2345 892 2394; x_wconf 86' lang='lat' dir='ltr'><strong>sensus</strong></span> <span class='ocrx_word' id='word_1_122' title='bbox 964 2345 1119 2392; x_wconf 90' lang='lat' dir='ltr'><strong>suos</strong></span> <span class='ocrx_word' id='word_1_123' title='bbox 1184 2344 1402 2393; x_wconf 89' lang='lat' dir='ltr'><strong>omnes</strong></span> <span class='ocrx_word' id='word_1_124' title='bbox 1449 2303 1759 2409; x_wconf 78' lang='lat' dir='ltr'><strong>explicare</strong></span> <span class='ocrx_word' id='word_1_125' title='bbox 1807 2339 1873 2392; x_wconf 88' lang='lat' dir='ltr'><strong>et</strong></span> <span class='ocrx_word' id='word_1_126' title='bbox 1934 2327 2189 2410; x_wconf 83' lang='lat' dir='ltr'><strong>explere</strong></span> <span class='ocrx_word' id='word_1_127' title='bbox 2220 2323 2533 2394; x_wconf 83' lang='lat' dir='ltr'><strong>scribendi</strong></span> 
     </span>
     <span class='ocr_line' id='line_1_18' title="bbox 664 2442 2542 2529; baseline -0.001 -20"><span class='ocrx_word' id='word_1_128' title='bbox 664 2443 1066 2529; x_wconf 88' lang='lat' dir='ltr'><strong>propositum</strong></span> <span class='ocrx_word' id='word_1_129' title='bbox 1122 2462 1306 2509; x_wconf 89' lang='lat' dir='ltr'><strong>suum</strong></span> <span class='ocrx_word' id='word_1_130' title='bbox 1367 2457 1614 2526; x_wconf 88' lang='lat' dir='ltr'><strong>posset.</strong></span> <span class='ocrx_word' id='word_1_131' title='bbox 1702 2442 1777 2509; x_wconf 92' lang='lat' dir='ltr'><strong>Id</strong></span> <span class='ocrx_word' id='word_1_132' title='bbox 1819 2457 2028 2510; x_wconf 88' lang='lat' dir='ltr'><strong>autem</strong></span> <span class='ocrx_word' id='word_1_133' title='bbox 2090 2442 2252 2510; x_wconf 90' lang='lat' dir='ltr'><strong>effici</strong></span> <span class='ocrx_word' id='word_1_134' title='bbox 2305 2442 2542 2510; x_wconf 89' lang='lat' dir='ltr'><strong>intelli·</strong></span> 
     </span>
     <span class='ocr_line' id='line_1_19' title="bbox 663 2560 2538 2646; baseline 0.001 -20"><span class='ocrx_word' id='word_1_135' title='bbox 663 2563 906 2646; x_wconf 85' lang='lat' dir='ltr'><strong>gique‚</strong></span> <span class='ocrx_word' id='word_1_136' title='bbox 975 2560 1100 2627; x_wconf 88' lang='lat' dir='ltr'><strong>nisi</strong></span> <span class='ocrx_word' id='word_1_137' title='bbox 1152 2579 1230 2627; x_wconf 82' lang='lat' dir='ltr'><strong>ex</strong></span> <span class='ocrx_word' id='word_1_138' title='bbox 1289 2560 1545 2645; x_wconf 86' lang='lat' dir='ltr'><strong>propria</strong></span> <span class='ocrx_word' id='word_1_139' title='bbox 1587 2579 1808 2628; x_wconf 89' lang='lat' dir='ltr'><strong>eorum</strong></span> <span class='ocrx_word' id='word_1_140' title='bbox 1857 2576 1922 2629; x_wconf 91' lang='lat' dir='ltr'><strong>et</strong></span> <span class='ocrx_word' id='word_1_141' title='bbox 1969 2561 2287 2627; x_wconf 88' lang='lat' dir='ltr'><strong>Socratica</strong></span> <span class='ocrx_word' id='word_1_142' title='bbox 2347 2562 2538 2645; x_wconf 81' lang='lat' dir='ltr'><strong>plane</strong></span> 
     </span>
     <span class='ocr_line' id='line_1_20' title="bbox 663 2678 1922 2764; baseline -0.001 -18"><span class='ocrx_word' id='word_1_143' title='bbox 663 2678 905 2746; x_wconf 85' lang='lat' dir='ltr'><strong>ratione</strong></span> <span class='ocrx_word' id='word_1_144' title='bbox 925 2726 949 2760; x_wconf 85' lang='lat'><strong>‚</strong></span> <span class='ocrx_word' id='word_1_145' title='bbox 992 2697 1124 2744; x_wconf 88' lang='lat' dir='ltr'><strong>non</strong></span> <span class='ocrx_word' id='word_1_146' title='bbox 1173 2692 1417 2763; x_wconf 91' lang='lat' dir='ltr'><strong>potest.</strong></span> <span class='ocrx_word' id='word_1_147' title='bbox 1914 2753 1922 2764; x_wconf 51' lang='grc'>,</span> 
     </span>
    </p>

    <p class='ocr_par' dir='ltr' id='par_1_3' title="bbox 643 2793 2540 4062">
     <span class='ocr_line' id='line_1_21' title="bbox 748 2793 2540 2882; baseline 0.001 -19"><span class='ocrx_word' id='word_1_148' title='bbox 748 2797 915 2863; x_wconf 82' lang='lat' dir='ltr'><strong>Nam</strong></span> <span class='ocrx_word' id='word_1_149' title='bbox 956 2815 1119 2879; x_wconf 89' lang='lat' dir='ltr'><strong>quae</strong></span> <span class='ocrx_word' id='word_1_150' title='bbox 1160 2793 1605 2881; x_wconf 88' lang='lat' dir='ltr'><strong>distinguendo</strong></span> <span class='ocrx_word' id='word_1_151' title='bbox 1639 2795 1943 2863; x_wconf 86' lang='lat' dir='ltr'><strong>hactenus</strong></span> <span class='ocrx_word' id='word_1_152' title='bbox 1980 2796 2062 2863; x_wconf 91' lang='lat' dir='ltr'><strong>de</strong></span> <span class='ocrx_word' id='word_1_153' title='bbox 2099 2795 2355 2882; x_wconf 80' lang='lat' dir='ltr'><strong>scriptis</strong></span> <span class='ocrx_word' id='word_1_154' title='bbox 2398 2797 2540 2864; x_wconf 82' lang='lat' dir='ltr'><strong>Pla·</strong></span> 
     </span>
     <span class='ocr_line' id='line_1_22' title="bbox 643 2901 2534 2995; baseline -0.002 -9"><span class='ocrx_word' id='word_1_155' title='bbox 643 2913 837 2986; x_wconf 59' lang='lat' dir='ltr'><strong>sonis</strong></span> <span class='ocrx_word' id='word_1_156' title='bbox 897 2912 1440 2981; x_wconf 84' lang='lat' dir='ltr'><strong>animadvertimus</strong></span> <span class='ocrx_word' id='word_1_157' title='bbox 1463 2960 1487 2994; x_wconf 92' lang='lat'>‚</span> <span class='ocrx_word' id='word_1_158' title='bbox 1546 2932 1626 2978; x_wconf 90' lang='lat' dir='ltr'><strong>eo</strong></span> <span class='ocrx_word' id='word_1_159' title='bbox 1682 2915 1943 2995; x_wconf 86' lang='lat' dir='ltr'><strong>valent,</strong></span> <span class='ocrx_word' id='word_1_160' title='bbox 2029 2931 2114 2981; x_wconf 89' lang='lat' dir='ltr'><strong>ne</strong></span> <span class='ocrx_word' id='word_1_161' title='bbox 2164 2915 2318 2980; x_wconf 91' lang='lat' dir='ltr'><strong>haec</strong></span> <span class='ocrx_word' id='word_1_162' title='bbox 2387 2901 2534 2982; x_wconf 82' lang='lat' dir='ltr'><strong>cum</strong></span> 
     </span>
     <span class='ocr_line' id='line_1_23' title="bbox 660 3011 2532 3116; baseline -0.001 -17"><span class='ocrx_word' id='word_1_163' title='bbox 660 3031 924 3099; x_wconf 87' lang='lat' dir='ltr'><strong>aliorum</strong></span> <span class='ocrx_word' id='word_1_164' title='bbox 986 3029 1250 3116; x_wconf 80' lang='lat' dir='ltr'><strong>dialogis</strong></span> <span class='ocrx_word' id='word_1_165' title='bbox 1312 3029 1822 3111; x_wconf 78' lang='lat' dir='ltr'><strong>confundamus3</strong></span> <span class='ocrx_word' id='word_1_166' title='bbox 1912 3043 1984 3096; x_wconf 90' lang='lat' dir='ltr'><strong>ut</strong></span> <span class='ocrx_word' id='word_1_167' title='bbox 2067 3048 2219 3097; x_wconf 86' lang='lat' dir='ltr'><strong>vero</strong></span> <span class='ocrx_word' id='word_1_168' title='bbox 2286 3011 2532 3115; x_wconf 46' lang='lat' dir='ltr'><strong>prinam</strong></span> 
     </span>
     <span class='ocr_line' id='line_1_24' title="bbox 661 3145 2533 3234; baseline -0.003 -16"><span class='ocrx_word' id='word_1_169' title='bbox 661 3169 879 3218; x_wconf 83' lang='lat' dir='ltr'><strong>eorum</strong></span> <span class='ocrx_word' id='word_1_170' title='bbox 950 3148 1399 3234; x_wconf 86' lang='lat' dir='ltr'><strong>propriamque</strong></span> <span class='ocrx_word' id='word_1_171' title='bbox 1468 3147 1769 3214; x_wconf 88' lang='lat' dir='ltr'><strong>virtutem</strong></span> <span class='ocrx_word' id='word_1_172' title='bbox 1826 3147 2245 3232; x_wconf 87' lang='lat' dir='ltr'><strong>percipiamus</strong></span> <span class='ocrx_word' id='word_1_173' title='bbox 2270 3191 2297 3229; x_wconf 85' lang='lat'><strong>‚</strong></span> <span class='ocrx_word' id='word_1_174' title='bbox 2377 3145 2533 3214; x_wconf 89' lang='lat' dir='ltr'><strong>satis</strong></span> 
     </span>
     <span class='ocr_line' id='line_1_25' title="bbox 657 3257 2533 3358; baseline -0.001 -26"><span class='ocrx_word' id='word_1_175' title='bbox 657 3268 869 3342; x_wconf 58' lang='lat' dir='ltr'><strong>valere</strong></span> <span class='ocrx_word' id='word_1_176' title='bbox 903 3282 1036 3331; x_wconf 88' lang='lat' dir='ltr'><strong>non</strong></span> <span class='ocrx_word' id='word_1_177' title='bbox 1083 3263 1401 3331; x_wconf 86' lang='lat' dir='ltr'><strong>videntur.</strong></span> <span class='ocrx_word' id='word_1_178' title='bbox 1490 3257 1617 3332; x_wconf 90' lang='lat' dir='ltr'><strong>Est</strong></span> <span class='ocrx_word' id='word_1_179' title='bbox 1651 3277 1859 3331; x_wconf 86' lang='lat' dir='ltr'><strong>autem</strong></span> <span class='ocrx_word' id='word_1_180' title='bbox 1916 3263 2055 3330; x_wconf 89' lang='lat' dir='ltr'><strong>talis</strong></span> <span class='ocrx_word' id='word_1_181' title='bbox 2099 3262 2241 3345; x_wconf 84' lang='lat' dir='ltr'><strong>illa,</strong></span> <span class='ocrx_word' id='word_1_182' title='bbox 2284 3265 2533 3358; x_wconf 81' lang='lat' dir='ltr'><strong>qualem</strong></span> 
     </span>
     <span class='ocr_line' id='line_1_26' title="bbox 660 3380 2536 3472; baseline -0.002 -21"><span class='ocrx_word' id='word_1_183' title='bbox 660 3384 803 3472; x_wconf 90' lang='lat' dir='ltr'><strong>ipse</strong></span> <span class='ocrx_word' id='word_1_184' title='bbox 837 3385 905 3451; x_wconf 89' lang='lat' dir='ltr'><strong>in</strong></span> <span class='ocrx_word' id='word_1_185' title='bbox 948 3381 1231 3450; x_wconf 81' lang='lat' dir='ltr'><strong>Phaedro</strong></span> <span class='ocrx_word' id='word_1_186' title='bbox 1278 3385 1639 3465; x_wconf 80' lang='lat' dir='ltr'><strong>spectavit,</strong></span> <span class='ocrx_word' id='word_1_187' title='bbox 1686 3401 1882 3463; x_wconf 88' lang='lat' dir='ltr'><strong>quum</strong></span> <span class='ocrx_word' id='word_1_188' title='bbox 1924 3383 2002 3448; x_wconf 90' lang='lat' dir='ltr'><strong>de</strong></span> <span class='ocrx_word' id='word_1_189' title='bbox 2041 3381 2290 3466; x_wconf 89' lang='lat' dir='ltr'><strong>optimo</strong></span> <span class='ocrx_word' id='word_1_190' title='bbox 2321 3380 2536 3448; x_wconf 87' lang='lat' dir='ltr'><strong>unice-</strong></span> 
     </span>
     <span class='ocr_line' id='line_1_27' title="bbox 662 3491 2530 3585; baseline -0.002 -16"><span class='ocrx_word' id='word_1_191' title='bbox 662 3519 791 3585; x_wconf 86' lang='lat' dir='ltr'><strong>que</strong></span> <span class='ocrx_word' id='word_1_192' title='bbox 832 3520 989 3568; x_wconf 87' lang='lat' dir='ltr'><strong>vero</strong></span> <span class='ocrx_word' id='word_1_193' title='bbox 1046 3498 1359 3567; x_wconf 87' lang='lat' dir='ltr'><strong>scribendi</strong></span> <span class='ocrx_word' id='word_1_194' title='bbox 1395 3519 1620 3585; x_wconf 87' lang='lat' dir='ltr'><strong>genere</strong></span> <span class='ocrx_word' id='word_1_195' title='bbox 1652 3491 2064 3584; x_wconf 73' lang='lat' dir='ltr'><strong>praeciperet.</strong></span> <span class='ocrx_word' id='word_1_196' title='bbox 2153 3500 2323 3568; x_wconf 89' lang='lat' dir='ltr'><strong>Nam</strong></span> <span class='ocrx_word' id='word_1_197' title='bbox 2372 3520 2530 3585; x_wconf 86' lang='lat' dir='ltr'><strong>pau·</strong></span> 
     </span>
     <span class='ocr_line' id='line_1_28' title="bbox 655 3614 2528 3703; baseline 0.001 -20"><span class='ocrx_word' id='word_1_198' title='bbox 655 3614 752 3684; x_wconf 78' lang='lat' dir='ltr'><strong>cis</strong></span> <span class='ocrx_word' id='word_1_199' title='bbox 815 3618 1149 3700; x_wconf 63' lang='lat' dir='ltr'><strong>exceptis,</strong></span> <span class='ocrx_word' id='word_1_200' title='bbox 1227 3633 1439 3703; x_wconf 83' lang='lat' dir='ltr'><strong>partes</strong></span> <span class='ocrx_word' id='word_1_201' title='bbox 1516 3617 1580 3683; x_wconf 90' lang='lat' dir='ltr'><strong>in</strong></span> <span class='ocrx_word' id='word_1_202' title='bbox 1636 3616 1713 3683; x_wconf 87' lang='lat' dir='ltr'><strong>iis</strong></span> <span class='ocrx_word' id='word_1_203' title='bbox 1782 3617 2082 3684; x_wconf 87' lang='lat' dir='ltr'><strong>omnibus</strong></span> <span class='ocrx_word' id='word_1_204' title='bbox 2159 3616 2528 3702; x_wconf 71' lang='lat' dir='ltr'><strong>praecipuas</strong></span> 
     </span>
     <span class='ocr_line' id='line_1_29' title="bbox 654 3723 2534 3817; baseline 0 -16"><span class='ocrx_word' id='word_1_205' title='bbox 654 3732 846 3802; x_wconf 87' lang='lat' dir='ltr'><strong>habet</strong></span> <span class='ocrx_word' id='word_1_206' title='bbox 903 3733 1231 3800; x_wconf 64' lang='lat' dir='ltr'><strong>Socratem</strong></span> <span class='ocrx_word' id='word_1_207' title='bbox 1302 3731 1621 3799; x_wconf 87' lang='lat' dir='ltr'><strong>inducitur</strong></span> <span class='ocrx_word' id='word_1_208' title='bbox 1671 3747 1878 3799; x_wconf 88' lang='lat' dir='ltr'><strong>autem</strong></span> <span class='ocrx_word' id='word_1_209' title='bbox 1938 3732 2047 3801; x_wconf 90' lang='lat' dir='ltr'><strong>ille</strong></span> <span class='ocrx_word' id='word_1_210' title='bbox 2074 3780 2100 3813; x_wconf 87' lang='lat'>‚</span> <span class='ocrx_word' id='word_1_211' title='bbox 2161 3733 2336 3817; x_wconf 91' lang='lat' dir='ltr'><strong>quod</strong></span> <span class='ocrx_word' id='word_1_212' title='bbox 2374 3723 2534 3800; x_wconf 77' lang='lat' dir='ltr'><strong>scri·</strong></span> 
     </span>
     <span class='ocr_line' id='line_1_30' title="bbox 651 3845 2537 3935; baseline -0.001 -15"><span class='ocrx_word' id='word_1_213' title='bbox 651 3845 872 3920; x_wconf 70' lang='lat' dir='ltr'><strong>hendo</strong></span> <span class='ocrx_word' id='word_1_214' title='bbox 941 3848 1226 3935; x_wconf 83' lang='lat' dir='ltr'><strong>inprimis</strong></span> <span class='ocrx_word' id='word_1_215' title='bbox 1293 3848 1684 3920; x_wconf 86' lang='lat' dir='ltr'><strong>efficiendum</strong></span> <span class='ocrx_word' id='word_1_216' title='bbox 1749 3863 1920 3916; x_wconf 87' lang='lat' dir='ltr'><strong>ratus</strong></span> <span class='ocrx_word' id='word_1_217' title='bbox 1988 3850 2170 3918; x_wconf 90' lang='lat' dir='ltr'><strong>Plato</strong></span> <span class='ocrx_word' id='word_1_218' title='bbox 2227 3857 2367 3934; x_wconf 61' lang='lat' dir='ltr'><strong>etit,</strong></span> <span class='ocrx_word' id='word_1_219' title='bbox 2426 3868 2537 3918; x_wconf 83' lang='lat' dir='ltr'><strong>ex-</strong></span> 
     </span>
     <span class='ocr_line' id='line_1_31' title="bbox 657 3964 2538 4062; baseline -0.003 -23"><span class='ocrx_word' id='word_1_220' title='bbox 657 3969 857 4039; x_wconf 84' lang='lat' dir='ltr'><strong>citans</strong></span> <span class='ocrx_word' id='word_1_221' title='bbox 915 3968 984 4036; x_wconf 90' lang='lat' dir='ltr'><strong>in</strong></span> <span class='ocrx_word' id='word_1_222' title='bbox 1037 3965 1365 4035; x_wconf 86' lang='lat' dir='ltr'><strong>hominum</strong></span> <span class='ocrx_word' id='word_1_223' title='bbox 1423 3966 1646 4034; x_wconf 84' lang='lat' dir='ltr'><strong>animis</strong></span> <span class='ocrx_word' id='word_1_224' title='bbox 1692 3966 1898 4052; x_wconf 84' lang='lat' dir='ltr'><strong>pulcri</strong></span> <span class='ocrx_word' id='word_1_225' title='bbox 1949 3964 2239 4062; x_wconf 82' lang='lat' dir='ltr'><strong>bonique</strong></span> <span class='ocrx_word' id='word_1_226' title='bbox 2258 4005 2286 4049; x_wconf 78' lang='lat'>‚</span> <span class='ocrx_word' id='word_1_227' title='bbox 2355 3985 2538 4054; x_wconf 82' lang='lat' dir='ltr'><strong>prac-</strong></span> 
     </span>
    </p>

    <p class='ocr_par' dir='ltr' id='par_1_4' title="bbox 2405 4099 2532 4150">
     <span class='ocr_line' id='line_1_32' title="bbox 2405 4099 2532 4150; baseline 0 -14"><span class='ocrx_word' id='word_1_228' title='bbox 2405 4099 2532 4150; x_wconf 56' lang='lat' dir='ltr'><strong>m-</strong></span> 
     </span>
    </p>
   </div>
  </div>
 </body>
</html>
