2900 4817
1490 417 1889 475 —100—

742 579 1171 661 optimamque
1219 554 1557 645 erudiendi·
1615 576 2111 660 perficiendique
2188 576 2469 643 bominis
2534 597 2637 643 ra-

737 697 974 762 tionem
1055 695 1414 780 spectavit3
1508 694 1657 760 huic
1732 709 1939 760 autem
2020 695 2203 760 unice
2276 695 2628 778 proposito

743 813 1058 896 explendo
1117 812 1388 877 idearum
1451 811 1803 877 doctrinam
1870 811 2182 877 adhibuit.
2314 812 2483 877 Nam
2545 831 2635 879 eo

747 928 898 993 haec
963 928 1284 1011 pertinet,
1369 942 1441 993 ut
1514 946 1765 1012 semper
1842 929 2035 993 homo
2096 929 2175 994 ad
2249 926 2629 1011 sapientiam

745 1043 1182 1128 progrediatur
1204 1088 1230 1124 ‚
1318 1061 1661 1125 numquam
1725 1043 1849 1109 sibi
1908 1060 2154 1110 summe
2226 1045 2479 1128 sapiens
2530 1045 2635 1110 vi-

747 1160 992 1225 deatur.
1097 1159 1282 1225 Ideae
1335 1158 1500 1224 enim
1567 1161 1735 1243 apud
1793 1179 1937 1225 eum
2000 1160 2283 1244 perfecta
2340 1165 2631 1244 exempla

748 1292 944 1357 sunt,
1018 1294 1181 1358 quae
1231 1274 1550 1343 imitemur
1610 1276 1852 1360 agendo
1876 1323 1901 1357 ,
1964 1293 2095 1342 non
2167 1295 2576 1359 assequamur
2600 1299 2625 1343 ι

748 1400 925 1467 τόποι
986 1409 1189 1475 sunt,
1266 1412 1431 1475 quos
1507 1391 1927 1477 exprimamus
2001 1394 2247 1478 agendo
2324 1395 2632 1460 vivendo-

749 1531 923 1596 que,
967 1531 1100 1581 non
1148 1530 1494 1597 aequemus
1545 1512 1649 1576 vel
1697 1529 2115 1593 superemus:
2192 1511 2256 1575 id
2301 1510 2359 1576 si
2401 1510 2629 1591 fieret,

752 1649 896 1698 esse
946 1631 1089 1696 illae
1145 1629 1285 1696 sive
1353 1628 1529 1695 ideae
1586 1627 1724 1694 sive
1790 1632 1966 1698 τύποι
2025 1628 2409 1694 desinerent.
2535 1628 2631 1695 Et

753 1754 905 1815 vero
968 1747 1257 1814 homines
1310 1764 1433 1812 nos
1488 1763 1772 1825 sumus,
1838 1743 2283 1826 infinitumque
2334 1745 2629 1821 interval,-

751 1867 878 1929 lum
929 1876 1078 1945 est,
1147 1880 1279 1947 quo
1342 1881 1379 1926 a
1437 1862 1627 1927 rebus
1699 1860 1930 1927 divinis
1990 1862 2338 1943 humanae,
2398 1863 2475 1928 ab
2532 1861 2629 1928 in·

746 1979 1208 2064 telligibilibus'
1237 1978 1615 2062 spectabiles
1682 1990 2075 2061 separantur.
2195 1978 2625 2063 Quamobrem

746 2100 926 2165 Deus
970 2118 1007 2165 a
1047 2098 1308 2166 Platone
1330 2142 1356 2176 ,
1402 2094 1647 2162 tametsi
1688 2110 1753 2161 et
1793 2095 1934 2178 ipse
1975 2100 2176 2174 νοητὸς
2227 2108 2288 2161 et
2332 2095 2394 2161 in
2436 2101 2619 2182 νοητῷ

752 2217 899 2283 loeo
943 2228 1274 2294 versatus,
1317 2216 1426 2292 »tino
1466 2213 1662 2293 ὅλην,
1706 2210 2108 2296 spectabilem
2155 2214 2454 2279 mundum
2494 2232 2624 2279 non

751 2329 1151 2416 perfeetum,
1210 2347 1341 2397 non
1398 2331 1713 2414 optimum
1771 2343 1841 2395 ut
1906 2329 2065 2395 nihil
2121 2331 2369 2397 adesset
2430 2332 2621 2412 mali,

751 2449 863 2515 sed
926 2461 1236 2530 quatenus
1285 2447 1398 2524 ὅλη
1459 2445 1653 2513 ferret
1673 2492 1698 2526 ,
1785 2446 2231 2529 pulcerrimum
2285 2448 2628 2530 optimum-

753 2584 879 2647 que
935 2563 1175 2630 effinxit
1239 2560 1357 2629 (¹).
1484 2564 1707 2646 ltaque
1774 2564 1839 2628 in
1897 2581 2030 2628 uno
2063 2576 2073 2587 ·
2110 2566 2252 2631 Deo
2317 2562 2651 2655 perfectio·

752 2698 1008 2751 summa·
1047 2695 1188 2748 estz
1236 2681 1511 2763 licetque
1568 2680 1807 2748 homini
1851 2681 1929 2746 ad
1973 2680 2139 2746 illam
2196 2679 2262 2747 in
2307 2680 2626 2749 infinitum

743 2801 1138 2886 procedere,
1180 2799 1487 2884 attingere
1544 2816 1677 2864 eam
1728 2796 1943 2864 licebit
1977 2816 2327 2878 nunquam.
2393 2799 2463 2864 Si
2502 2817 2628 2881 qua

742 2934 1025 2999 unquam
1082 2936 1117 2981 a
1168 2915 1560 2999 philosopho
1621 2915 1970 2999 excogitata
2037 2916 2198 2980 ratio
2264 2930 2364 2982 est
2390 2963 2413 2997 ,
2500 2936 2628 2999 qua

749 3033 996 3120 optime
1045 3046 1110 3098 et
1154 3032 1507 3101 erudiretur
1557 3031 1751 3113 homo
1808 3045 1873 3097 et
1922 3030 2002 3095 ad
2054 3030 2377 3099 veritatem
2428 3031 2626 3097 addu-

750 3167 1035 3237 ceretur,
1082 3148 1493 3234 philosophia
1529 3163 1630 3214 est
1661 3147 1942 3215 Platonis
1996 3162 2059 3215 et
2100 3147 2250 3214 haec
2290 3148 2629 3232 praecipue

641 3352 648 3357 ἡ
738 3270 818 3337 -in
872 3273 949 3339 ea
995 3269 1074 3336 de
1130 3265 1288 3335 ideis
1353 3264 1663 3332 doctrina.
1772 3265 1879 3331 Ad
1948 3264 2392 3348 sempiternam
2453 3265 2623 3333 illam

744 3387 1260 3475 progressionem
1308 3398 1441 3452 tota
1502 3396 1744 3466 spectat
1766 3430 1789 3464 ‚
1839 3401 2025 3465 quam
2063 3401 2142 3448 ex
2175 3380 2383 3466 ipsius
2429 3381 2628 3465 scrip-

735 3504 837 3571 ·tls
886 3504 1343 3586 exposuimus,
1404 3502 1487 3566 de
1538 3500 1763 3566 artium
1828 3499 2430 3582 disciplinarumque
2484 3514 2624 3567 stu-

751 3617 875 3687 diis
926 3619 1314 3703 disquisitiO.
1417 3619 1539 3685 Per
1597 3632 1761 3684 artes
1821 3636 1942 3684 nos
1999 3617 2101 3682 ille
2142 3618 2221 3684 ad
2277 3619 2620 3702 pulcrum,

2504 3754 2627 3819 per

826 3872 909 3948 (ι)
950 3875 1245 3944 Βιυληίεὶς
1287 3879 1398 3948 γὶρ
1443 3875 1473 3934 ὅ
1519 3877 1636 3945 θεὶς
1679 3873 1877 3950 bynu
1913 3882 2020 3948 μᾶν
2060 3879 2296 3948 ntus-n,
2338 3877 2627 3953 ,φλαῦρον

701 3969 814 4041 ηδῦ
855 3971 1031 4048 μηδῖυ
1073 3968 1217 4034 cluna
1263 3976 1490 4035 κατὰ
1528 3970 1910 4051 δύναμιν.
1967 3978 2113 4034 rin.
2146 3977 2234 4037 30·
2274 3977 2347 4032 A.
