2900 4817
1062 594 1443 660 ..233-

319 756 715 845 πὸιρώδὲιγμαί
771 777 868 826 res
900 761 1143 830 ··0mnes
1192 761 1438 842 pulcras
1499 756 1659 824 sive·
1701 756 1992 830 sensibus
2041 775 2160 844 pa.

318 886 563 952 tentes,
627 875 761 939 sive
814 873 879 939 in
937 872 1069 940 vita
1132 878 1362 956 agenda
1384 921 1409 957 ‚
1453 875 1520 940 in
1577 871 1795 940 officiis
1829 891 1899 939 ac
1963 857 2173 950 virtue,

315 987 495 1053 tibus
541 988 763 1055 obvias
822 988 1203 1070 exigeremus
1231 1008 1302 1055 ac
1336 990 1752 1074 judicaremus
1792 1002 1979 1056 recte.
2023 989 2163 1056 Nec

319 1097 437 1165 alia
478 1099 634 1176 ratio
675 1099 1107 1186 philosophiae
1161 1103 1508 1170 Platonicae
1563 1119 1658 1169 est
1676 1150 1701 1185 ‚
1763 1104 1873 1171 ubi
1928 1105 2004 1171 ad
2051 1123 2165 1170 ve·

254 1291 287 1298 ..
319 1232 457 1278 rum
501 1210 775 1279 'refertur
811 1207 1122 1284 universe.
1210 1217 1305 1283 Ut
1346 1217 1473 1283 illic
1501 1218 1590 1283 ad
1635 1220 1920 1300 pulcrum
1960 1216 2174 1288 contin

320 1348 494 1410 nun,
537 1332 622 1395 ita
680 1330 824 1410 hic,
870 1330 935 1396 in
962 1331 1230 1399 naturali
1261 1331 1464 1416 ipsius
1502 1333 1979 1415 progress10n2‚
2020 1333 2178 1408 uni-,

316 1461 495 1517 verse
530 1444 607 1508 ad
638 1461 851 1510 verum
885 1490 910 1526 ‚
953 1444 1088 1510 sive
1126 1444 1282 1512 illud
1316 1449 1643 1529 pulcrum,
1698 1444 1834 1512 sive
1883 1446 2119 1516 bonum
2144 1495 2176 1532 ,

321 1558 457 1623 sive
504 1559 744 1643 justu'm
800 1572 943 1639 est,
987 1556 1189 1640 adque
1224 1560 1410 1641 veri,
1471 1568 1575 1632 τοῦ
1628 1564 1786 1638 ὄντος
1848 1560 2184 1632 scientiam-

314 1672 568 1754 tendit3
616 1689 687 1744 ut
716 1673 1066 1759 disciplinis
1101 1677 1206 1740 hic
1224 1674 1508 1740 similiter
1540 1688 1726 1756 atque
1760 1675 1885 1741 inte
1928 1674 2167 1743 artibus

322 1787 709 1870 maximeque
734 1789 1059 1876 ‘dialectica
1098 1805 1160 1856 et
1193 1792 1491 1857 aleremus
1537 1805 1806 1856 amorem
1843 1788 1981 1874 veri,
2022 1806 2198 1862 nos-,.
2281 1865 2290 1874 ,

296 1897 485 1966 'trum
552 1894 615 1967 et'
681 1906 1010 1987 proprium
1075 1905 1261 1970 nobis
1326 1906 1567 1989 ὄργανον
1618 1915 1726 1983 τῆς
1802 1915 2057 1993 ψυχῆς,
2117 1903 2169 1992 5

323 2020 478 2105 μ’ὁνῳ
553 2026 804 2098 ἀληθεία.
877 2027 1082 2105 &pam
1141 2023 1302 2105 (una
1359 2019 1423 2084 id
1479 2037 1596 2084 nos
1649 2037 1804 2084 voce
1874 2021 2170 2106 exprimi·

323 2154 462 2199 mus
491 2182 514 2215 ‚
550 2156 745 2199 onzcn
799 2123 1290 2216 waarhee'dszt‘n)
1357 2150 1760 2230 purgaremus
1782 2181 1806 2214 ,
1848 2150 2036 2218 atque
2089 2139 2171 2205 ad

325 2246 482 2313 illud
532 2250 705 2328 quod
740 2266 869 2313 non
904 2248 1157 2314 videtur
1197 2250 1481 2331 pulcrum
1505 2294 1528 2327 ,
1563 2248 1835 2327 bonum,
1874 2250 2116 2332 justum
2141 2298 2168 2331 ‚

324 2364 435 2430 sed
497 2379 626 2443 cst,
695 2366 772 2429 ad
821 2369 901 2436 τὰ
943 2367 1132 2446 ὄντα,
1175 2364 1253 2428 ad
1299 2364 1507 2442 idem,
1569 2361 1646 2426 ad
1685 2375 1927 2429 aeterna
1963 2368 2024 2434 ἐν
2089 2378 2169 2451 τῇ

215 2505 219 2509 ’
322 2486 505 2568 φύσει
569 2479 698 2544 veri
746 2483 1229 2564 παραδείγματα
1291 2479 1664 2563 erigeremus
1707 2491 1972 2543 mentem
2022 2495 2176 2544 nos·

324 2611 520 2661 tram:
606 2613 734 2674 quo
811 2594 1110 2677 pertinuit
1165 2613 1307 2660 cum
1366 2592 1572 2658 omnis
1636 2593 1770 2675 ejus
1839 2593 2171 2660 accuratis-

322 2712 479 2778 sime
510 2708 792 2775 instituta
823 2711 897 2772 de
933 2707 1277 2790 disciplinis
1312 2729 1380 2773 ac
1400 2707 1760 2784 dialectica,
1806 2722 1940 2774 tum
1971 2710 2119 2774 haec
2140 2755 2180 2787 ,,

328 2845 512 2908 quam
560 2825 747 2890 modo
813 2820 1171 2888 tradidimus
1198 2872 1222 2903 ‚
1286 2824 1362 2887 de
1396 2807 1638 2888 'mundo
1687 2827 1865 2908 νοητῷ
1931 2840 2002 2887 ac
2062 2841 2172 2888 ve·

325 2940 375 3005 ri
450 2937 729 3004 scientia.
785 2936 1155 3020 disputatio.
1282 2939 1472 3004 Hunc
1527 2938 1719 3020 igitur
1776 2939 1840 3002 in
1911 2938 2166 3004 modum

325 3033 500 3122 Plat⁸o
552 3072 666 3119 nec
723 3056 799 3119 de
850 3050 1203 3116 infirmitate
1251 3050 1612 3117 facultatum
1655 3066 2002 3117 nostrarum
2055 3069 2171 3118 neu

323 3174 400 3237 de
472 3168 907 3253 philosophiae
977 3166 1331 3234 difficultate
1408 3183 1669 3249 questus
1706 3214 1731 3249 ‚
1807 3165 2171 3249 simpliciter

322 3287 445 3351 alio
468 3333 490 3364 ‚
537 3303 718 3364 quam
776 3286 937 3348 solet
960 3328 983 3361 ,
1026 3284 1512 3349 convertendum
1560 3282 1836 3348 animum
1879 3295 2168 3347 nostrum

321 3399 730 3469 existimavitz
799 3399 926 3462 imo
998 3416 1189 3479 vere,
1262 3396 1777 3480 quemadmodum
1848 3413 1923 3460 eo
1949 3440 1973 3473 ‚
2037 3413 2182 3477 quo,

323 3529 573 3599 oportet
599 3562 623 3596 ‚
686 3495 1140 3580 convertendus
1205 3514 1289 3580 sit
1315 3559 1340 3594 ‚
1399 3511 1603 3595 ipsius
1656 3509 1843 3577 nobis
1887 3510 2172 3592 philoso-

324 3632 471 3717 phia
538 3630 780 3695 illustre
832 3630 1271 3693 documentum
1339 3641 1461 3695 est.
1560 3624 1832 3694 Miratus
1880 3609 2166 3712 equidem

320 3764 762 3832 saepenumero
813 3763 949 3811 sum
973 3790 998 3824 ‚
1065 3744 1217 3825 quid
1268 3760 1521 3808 caussae
1561 3740 1647 3806 sit
1672 3788 1697 3823 ‚
1757 3757 1831 3809 ut
1875 3762 2008 3811 non
2062 3763 2170 3811 so-

321 3866 451 3930 lum
500 3861 903 3945 parum‘haec
947 3860 1219 3926 curarint
1252 3858 1657 3945 philosophi,
1700 3863 1811 3930 sed
1837 3862 1955 3928 vix
1994 3858 2169 3942 quis·

327 3994 512 4059 quam
571 3977 725 4041 adeo
768 3974 1173 4060 interpretum
1224 3978 1683 4044 Platonicorum
1735 3979 1811 4043 ad
1869 3977 2028 4041 hanc
2070 3991 2172 4038 ra·

325 4088 559 4154 tionem
614 4086 961 4156 adhucdum
1008 4090 1387 4158 'universam
1462 4094 1734 4181 exegerit
1790 4085 2163 4175 philosophi

1497 4209 1506 4228 ¹
2027 4205 2178 4274 doc-
