2900 4817
1473 514 1828 576 ..54-

704 691 845 745 rat:
905 680 1207 768 parturis
1263 677 1495 743 scilicet
1519 726 1542 757 ‚
1587 677 1908 744 Theaeteto
1931 724 1956 758 ‚
2014 691 2352 765 propterea
2409 676 2582 765 quod

704 817 828 863 non
861 817 1096 866 vacuus
1138 818 1199 861 es
1220 841 1247 878 ‚
1286 793 1397 862 sed
1419 813 1784 883 praegnans
1800 817 1827 860 .·
1868 811 1997 860 non
2053 792 2327 861 tenebat.
2375 794 2522 879 Ego
2549 833 2602 875 ,ι

706 912 961 996 inquit,
1009 913 1165 997 quid
1203 913 1357 978 mihi
1388 911 1730 992 acciderit,
1774 911 1961 978 dico:
2006 930 2107 978 me
2140 925 2346 978 autem
2367 927 2586 996 partu-

709 1030 874 1111 rire,
919 1031 1042 1096 hoc
1061 1031 1213 1113 quid
1234 1029 1321 1097 sit
1353 1030 1609 1115 ignoro.
1665 1028 1835 1095 Tum
1856 1031 2145 1096 Socrates
2168 1050 2187 1093 ε
2214 1043 2366 1096 tune
2382 1047 2596 1110 vero‚.

711 1165 756 1213 o
795 1149 1006 1229 bone,
1050 1148 1299 1233 ignoras
1325 1194 1349 1229 ,
1390 1148 1804 1214 Phaenaretae
1853 1164 1953 1214 me
1992 1165 2136 1213 esse
2174 1145 2373 1212 filium
2399 1192 2424 1226 ‚
2469 1145 2587 1211 ob-

713 1265 989 1333 stetricis
1036 1283 1374 1350 generosae
1406 1284 1708 1349 perquam
1754 1278 1820 1330 et
1875 1265 2173 1330 severae?
2213 1295 2302 1318 ⁴-
2341 1261 2585 1330 Audivi

714 1401 886 1450 sane.
929 1413 1024 1435 -·
1061 1381 1396 1464 Numquid
1434 1382 1585 1448 item
1607 1430 1630 1463 ,
1674 1382 1946 1450 mmdem
1990 1401 2092 1447 me
2133 1396 2329 1450 artem
2364 1395 2587 1446 tracta·

715 1517 787 1565 re
810 1545 835 1579 ,
877 1497 1227 1564 audivisti?
1270 1536 1357 1551 -
1400 1497 1544 1562 Hoc
1580 1515 1999 1580 nequaquam.
2045 1529 2138 1548 -
2175 1495 2269 1564 At
2303 1495 2468 1562 scito
2503 1494 2591 1562 ita

716 1634 860 1684 esse
880 1637 900 1683 z
924 1634 1011 1682 ne
1046 1634 1147 1682 me
1188 1630 1393 1682 tamen
1428 1616 1599 1698 apud
1637 1629 1916 1680 caeteros
1939 1613 2215 1697 prodas:
2257 1630 2399 1680 nam
2439 1614 2592 1680 latet

720 1753 938 1801 omnes
960 1781 984 1816 ‚
1028 1754 1070 1799 o
1110 1733 1332 1814 amici,
1377 1733 1532 1799 hanc
1581 1749 1684 1797 me
1709 1746 1898 1797 artem
1935 1732 2207 1813 callere3
2251 1730 2344 1796 illi
2390 1747 2542 1797 vero
2563 1778 2592 1811 ‚

720 1850 963 1935 quippe
996 1853 1398 1936 ignorantes,
1445 1850 1567 1915 hoc
1616 1848 1869 1943 quidem
1913 1848 1992 1914 de
2022 1868 2124 1915 me
2165 1865 2294 1916 non
2326 1847 2591 1927 dicum,
2688 1859 2695 1865 “

718 1967 831 2034 sed
886 1966 1346 2049 ineptissimum
1408 1984 1510 2032 me
1559 1984 1701 2032 esse
1768 1964 2086 2032 hominem
2147 1979 2230 2048 et,
2288 1965 2444 2030 alios
2521 1964 2629 2031 in·

651 2067 657 2078 ⁸
717 2084 1037 2166 angustias
1097 2084 1345 2168 adigere
1401 2083 1855 2165 colloquendo.
1961 2083 2246 2149 Hoccine
2295 2082 2596 2151 audivisti

717 2200 921 2267 item?
960 2240 1048 2258 -ι-
1089 2201 1163 2266 Id
1222 2201 1507 2267 omnino·
1569 2239 1658 2253 --
1721 2201 1922 2267 Visne
1973 2201 2089 2266 tibi
2147 2205 2428 2267 caussam
2472 2201 2594 2266 hu·-

714 2319 821 2403 jus
862 2318 951 2383 rei
987 2318 1185 2384 dicam
1208 2318 1241 2384 22
1284 2355 1375 2372 -
1406 2316 1644 2405 Quidni
1686 2318 1873 2383 velim
1899 2320 1930 2384 ‘3
1974 2353 2067 2370 --
2103 2318 2362 2401 Reputa
2397 2319 2618 2416 igitur·

717 2450 927 2502 tecum
987 2450 1190 2502 totum
1237 2436 1648 2502 obstetricum
1705 2435 2028 2519 negotium
2054 2483 2077 2516 ‚
2141 2437 2467 2518 quomodo
2519 2454 2597 2503 se

720 2553 940 2619 habeat
965 2600 989 2635 ,
1034 2568 1098 2619 et
1156 2554 1340 2619 facile
1394 2553 1500 2631 id,
1547 2553 1722 2634 quod
1763 2551 1960 2633 vo10,
2003 2554 2393 2636 assequeris·
2451 2554 2592 2620 Scis

718 2668 935 2752 enim,
1020 2671 1254 2736 nullam
1298 2689 1553 2752 earum,
1636 2671 1927 2752 quamdiu
1987 2672 2271 2755 concipit
2327 2672 2467 2756 ipsa
2528 2687 2597 2739 et

664 2831 671 2840 -
718 2789 930 2872 parit,
972 2788 1106 2855 aliis
1163 2788 1459 2871 opitulari
1515 2787 2007 2872 parturientibus
2031 2836 2055 2871 ,
2117 2791 2232 2856 sed
2276 2791 2399 2856 hoc
2459 2787 2596 2856 fac-

718 2908 906 2975 titare
962 2925 1061 2973 eas
1086 2953 1108 2986 ‚
1198 2924 1361 2988 quae
1412 2908 1538 2991 jam
1610 2924 1824 2990 parere
1895 2924 2026 2972 non
2093 2908 2422 2990 possunt?
2501 2943 2599 2963 --

722 3022 1030 3088 Omnino.
1071 3061 1159 3075 —
1226 3023 1532 3089 Caussam
1597 3024 1790 3108 hujus
1847 3024 1934 3090 rei
1991 3025 2252 3092 Dianam
2309 3045 2452 3094 esse
2500 3026 2606 3095 fe-

721 3153 871 3204 runt
895 3185 919 3220 ,
978 3159 1143 3221 quae
1178 3158 1308 3204 non
1352 3141 1598 3223 pariens
1655 3139 1790 3224 ipsa
1831 3141 2142 3223 ‘partuum
2183 3160 2393 3208 curam
2451 3163 2599 3210 sus·-

720 3258 918 3351 eepit.
1006 3257 1336 3323 Stenlibus
1394 3256 1650 3339 quidem
1705 3256 2154 3324 obstetricandi
2193 3276 2423 3326 munus
2465 3277 2600 3327 non

725 3376 930 3456 dedit,
977 3375 1126 3457 quia
1184 3392 1317 3444 non
1358 3373 1484 3440 fert
1542 3375 1813 3440 hominis
1859 3391 2130 3457 natura,
2183 3389 2258 3443 ut
2307 3394 2410 3443 res
2465 3393 2608 3446 arte

724 3510 992 3577 tractet,
1037 3513 1300 3577 quarum
1359 3493 1498 3577 ipse
1550 3492 1636 3556 sit
1675 3510 1943 3576 expers:
1999 3492 2174 3559 dedit
2216 3512 2370 3559 vero
2413 3494 2595 3577 illis,

727 3629 889 3695 quae
945 3630 1059 3695 per
1104 3595 1363 3677 a'etatern
1428 3625 1561 3675 non
1613 3623 1878 3691 possent
1935 3610 2313 3693 concipere,
2385 3629 2594 3678 earum

728 3747 940 3797 secum
985 3728 1448 3794 similitudinem
1506 3727 1852 3792 honorans·
1910 3759 2008 3782 --
2061 3727 2420 3806 Verisimile
2471 3729 2600 3798 hoe

733 3848 1008 3930 quidem.
1055 3883 1143 3897 —
1183 3845 1421 3910 Nonne
1472 3862 1628 3912 vero
1663 3844 1786 3907 boc
1821 3842 1968 3907 item
2009 3853 2073 3912 et
2111 3842 2468 3913 verisimile
2527 3863 2598 3915 et

728 3962 1147 4032 necessarium
1169 4010 1192 4041 ‚
1238 3981 1398 4043 quae
1447 3974 1860 4045 praegnantes
1910 3956 2038 4025 sint
2063 4008 2087 4041 ‚
2137 3979 2428 4047 quaeque
2463 3981 2595 4034 non

732 4083 907 4164 sint,
982 4081 1061 4148 ab
1118 4078 1577 4154 obstetricibus
1637 4077 1922 4163 dignosci
1992 4078 2236 4163 magis,
2285 4099 2506 4163 quam
2559 4102 2596 4147 a

742 4239 753 4248 -
860 4237 865 4246 ·
2459 4214 2600 4264 cae-
